{"gold_per_floor":[112,132,57,76,88,88,105,134,183,183,195,213,226,237,237,342,342,361,391,411,411,424,424,119,134,134,134,162,9,36,36],"floor_reached":31,"playtime":2976,"items_purged":["Strike_R","Strike_R"],"score":281,"play_id":"ffe5f487-3e84-4db6-92c4-7af7182438c8","local_time":"20200704062353","is_ascension_mode":false,"campfire_choices":[{"data":"Bash","floor":6,"key":"SMITH"},{"data":"Shockwave","floor":15,"key":"SMITH"},{"data":"Whirlwind","floor":23,"key":"SMITH"},{"data":"Corruption","floor":27,"key":"SMITH"}],"neow_cost":"NONE","seed_source_timestamp":486330834914309,"circlet_count":0,"master_deck":["Strike_R","Strike_R","Strike_R","Defend_R","Defend_R","Defend_R","Defend_R","Bash+1","Shrug It Off","Disarm","Inflame","Shockwave+1","Shrug It Off","Carnage","Warcry","Corruption+1","Whirlwind+1","Clothesline","Berserk"],"relics":["Burning Blood","Dream Catcher","Art of War","Mummified Hand","Velvet Choker","Red Mask","HandDrill","Shuriken","Regal Pillow","Oddly Smooth Stone","Sundial"],"potions_floor_usage":[8,14,16,19,30,30],"damage_taken":[{"damage":2,"enemies":"2 Louse","floor":1,"turns":4},{"damage":4,"enemies":"Jaw Worm","floor":2,"turns":6},{"damage":0,"enemies":"Cultist","floor":4,"turns":5},{"damage":34,"enemies":"Large Slime","floor":5,"turns":11},{"damage":14,"enemies":"3 Louse","floor":7,"turns":4},{"damage":22,"enemies":"3 Sentries","floor":8,"turns":11},{"damage":9,"enemies":"2 Fungi Beasts","floor":11,"turns":4},{"damage":8,"enemies":"Large Slime","floor":12,"turns":6},{"damage":0,"enemies":"Exordium Wildlife","floor":13,"turns":4},{"damage":5,"enemies":"Blue Slaver","floor":14,"turns":4},{"damage":25,"enemies":"Hexaghost","floor":16,"turns":11},{"damage":0,"enemies":"3 Byrds","floor":18,"turns":6},{"damage":16,"enemies":"Masked Bandits","floor":19,"turns":5},{"damage":0,"enemies":"Chosen","floor":20,"turns":4},{"damage":24,"enemies":"Snecko","floor":22,"turns":5},{"damage":15,"enemies":"Snake Plant","floor":25,"turns":4},{"damage":35,"enemies":"Slavers","floor":28,"turns":5},{"damage":11,"enemies":"Gremlin Leader","floor":30,"turns":6},{"damage":30,"enemies":"Sentry and Sphere","floor":31,"turns":3}],"seed_played":"-5172505099052338185","potions_obtained":[{"floor":2,"key":"SkillPotion"},{"floor":5,"key":"HeartOfIron"},{"floor":12,"key":"EssenceOfSteel"},{"floor":13,"key":"BloodPotion"},{"floor":18,"key":"PowerPotion"},{"floor":25,"key":"GamblersBrew"}],"is_trial":false,"path_per_floor":["M","M","$","M","M","R","M","E","T","?","M","M","M","M","R","B",null,"M","?","M","?","M","R","$","M","T","R","E","$","E","M"],"character_chosen":"IRONCLAD","items_purchased":["Dexterity Potion","HandDrill","Oddly Smooth Stone"],"campfire_rested":0,"item_purchase_floors":[24,24,29],"current_hp_per_floor":[88,88,88,88,60,60,52,36,36,29,26,24,30,48,48,29,88,88,78,84,84,66,66,66,57,57,57,28,28,23,0],"gold":36,"neow_bonus":"TEN_PERCENT_HP_BONUS","is_prod":false,"is_daily":false,"chose_seed":false,"campfire_upgraded":4,"win_rate":0.0,"timestamp":1593861833,"path_taken":["M","M","$","M","M","R","M","E","T","?","M","M","M","M","R","BOSS","M","?","M","?","M","R","$","M","T","R","E","$","E","M"],"build_version":"2020-01-27","purchased_purges":2,"victory":false,"max_hp_per_floor":[88,88,88,88,88,88,88,88,88,88,88,88,88,88,88,88,88,88,88,88,88,88,88,88,88,88,88,88,88,88,88],"card_choices":[{"not_picked":["Cleave","Clash"],"picked":"Shrug It Off","floor":1},{"not_picked":["Cleave","Shrug It Off"],"picked":"Disarm","floor":2},{"not_picked":["Iron Wave","Rupture"],"picked":"Inflame","floor":4},{"not_picked":["Headbutt","Bludgeon"],"picked":"Shockwave","floor":5},{"not_picked":["Power Through","Clothesline"],"picked":"Shrug It Off","floor":7},{"not_picked":["Headbutt","Iron Wave"],"picked":"Carnage","floor":8},{"not_picked":["Perfected Strike","Clash","Sword Boomerang"],"picked":"SKIP","floor":11},{"not_picked":["Pummel","Juggernaut"],"picked":"Warcry","floor":12},{"not_picked":["Twin Strike","Headbutt","Ghostly Armor"],"picked":"SKIP","floor":13},{"not_picked":["Warcry","Twin Strike","Headbutt"],"picked":"SKIP","floor":14},{"not_picked":["Bludgeon","Double Tap"],"picked":"Corruption","floor":16},{"not_picked":["Thunderclap","Iron Wave","Second Wind"],"picked":"SKIP","floor":18},{"not_picked":["Inflame","Bloodletting"],"picked":"Whirlwind","floor":20},{"not_picked":["Cleave","Ghostly Armor+1"],"picked":"Clothesline","floor":22},{"not_picked":["Bloodletting","Armaments","Intimidate+1"],"picked":"SKIP","floor":25},{"not_picked":["Iron Wave+1","Searing Blow","Twin Strike"],"picked":"SKIP","floor":28},{"not_picked":["Seeing Red","Pommel Strike"],"picked":"Berserk","floor":30}],"player_experience":52297,"relics_obtained":[{"floor":8,"key":"Dream Catcher"},{"floor":9,"key":"Art of War"},{"floor":19,"key":"Red Mask"},{"floor":26,"key":"Shuriken"},{"floor":28,"key":"Regal Pillow"},{"floor":30,"key":"Sundial"}],"event_choices":[{"damage_healed":0,"gold_gain":0,"player_choice":"Success","damage_taken":7,"relics_obtained":["Mummified Hand"],"max_hp_gain":0,"max_hp_loss":0,"event_name":"Scrap Ooze","floor":10,"gold_loss":0},{"damage_healed":0,"gold_gain":0,"player_choice":"Fought Bandits","damage_taken":0,"max_hp_gain":0,"max_hp_loss":0,"event_name":"Masked Bandits","floor":19,"gold_loss":0},{"damage_healed":0,"gold_gain":0,"player_choice":"Bought 0 Potions","damage_taken":0,"max_hp_gain":0,"max_hp_loss":0,"event_name":"The Woman in Blue","floor":21,"gold_loss":0}],"is_beta":false,"boss_relics":[{"not_picked":["Calling Bell","Runic Dome"],"picked":"Velvet Choker"}],"items_purged_floors":[3,24],"is_endless":false,"potions_floor_spawned":[2,5,12,13,18,25],"killed_by":"Sentry and Sphere","ascension_level":0}