{"gold_per_floor":[112,128,142,156,172,172,191,191,191,218,232,242,268,268,268,370,370,390,401,173,184,109,135,153,153,176,176,176,176,24,37,37,142,142,158,158,184,214,276,308,320,346,358,370,118,130,130,142,142,142],"floor_reached":51,"playtime":3295,"items_purged":["Strike_R","Strike_R"],"score":708,"play_id":"132da8b1-a7a4-4c8f-bae6-f07aaba9e460","local_time":"20200704071912","is_ascension_mode":false,"campfire_choices":[{"data":"Shockwave","floor":6,"key":"SMITH"},{"data":"Bludgeon","floor":8,"key":"SMITH"},{"data":"Barricade","floor":15,"key":"SMITH"},{"data":"Corruption","floor":25,"key":"SMITH"},{"data":"Feed","floor":27,"key":"SMITH"},{"data":"Thunderclap","floor":29,"key":"SMITH"},{"data":"Carnage","floor":32,"key":"SMITH"},{"data":"Secret Weapon","floor":41,"key":"SMITH"},{"data":"Shrug It Off","floor":44,"key":"SMITH"},{"data":"Magnetism","floor":47,"key":"SMITH"},{"data":"Demon Form","floor":49,"key":"SMITH"}],"neow_cost":"PERCENT_DAMAGE","seed_source_timestamp":489321167778434,"circlet_count":0,"master_deck":["Defend_R","Defend_R","Defend_R","Bash","Thunderclap+1","Bludgeon+1","Disarm","Shockwave+1","Shrug It Off+1","Reaper","Barricade+1","Feed+1","Corruption+1","Body Slam","Carnage+1","Battle Trance","Reaper","Body Slam+1","Secret Weapon+1","Whirlwind+1","Magnetism+1","Demon Form+1"],"relics":["Burning Blood","Bottled Flame","Anchor","HornCleat","Velvet Choker","ClockworkSouvenir","White Beast Statue","Bag of Preparation","Oddly Smooth Stone","Sozu","MawBank","FossilizedHelix","StoneCalendar"],"potions_floor_usage":[24,33,50,50,50],"damage_taken":[{"damage":0,"enemies":"Cultist","floor":1,"turns":2},{"damage":2,"enemies":"Jaw Worm","floor":2,"turns":4},{"damage":3,"enemies":"Small Slimes","floor":3,"turns":2},{"damage":14,"enemies":"Exordium Wildlife","floor":4,"turns":5},{"damage":4,"enemies":"Exordium Thugs","floor":5,"turns":5},{"damage":9,"enemies":"2 Fungi Beasts","floor":7,"turns":3},{"damage":6,"enemies":"Gremlin Nob","floor":10,"turns":3},{"damage":0,"enemies":"Exordium Wildlife","floor":11,"turns":3},{"damage":21,"enemies":"Large Slime","floor":12,"turns":6},{"damage":0,"enemies":"Lagavulin","floor":13,"turns":4},{"damage":4,"enemies":"Hexaghost","floor":16,"turns":10},{"damage":0,"enemies":"Shell Parasite","floor":18,"turns":6},{"damage":0,"enemies":"Chosen","floor":19,"turns":3},{"damage":1,"enemies":"Centurion and Healer","floor":21,"turns":8},{"damage":40,"enemies":"Gremlin Leader","floor":23,"turns":6},{"damage":0,"enemies":"Chosen and Byrds","floor":24,"turns":5},{"damage":0,"enemies":"Cultist and Chosen","floor":31,"turns":4},{"damage":58,"enemies":"Automaton","floor":33,"turns":8},{"damage":14,"enemies":"Orb Walker","floor":35,"turns":6},{"damage":0,"enemies":"3 Darklings","floor":38,"turns":4},{"damage":0,"enemies":"Mind Bloom Boss Battle","floor":39,"turns":4},{"damage":0,"enemies":"Jaw Worm Horde","floor":40,"turns":3},{"damage":0,"enemies":"Spire Growth","floor":42,"turns":5},{"damage":18,"enemies":"3 Darklings","floor":46,"turns":4},{"damage":0,"enemies":"Transient","floor":48,"turns":5},{"damage":75,"enemies":"Awakened One","floor":50,"turns":7}],"seed_played":"-5629971737583875334","potions_obtained":[{"floor":3,"key":"LiquidBronze"},{"floor":7,"key":"Weak Potion"},{"floor":10,"key":"ElixirPotion"},{"floor":12,"key":"Swift Potion"},{"floor":18,"key":"Weak Potion"},{"floor":23,"key":"SpeedPotion"},{"floor":24,"key":"EssenceOfSteel"},{"floor":31,"key":"AttackPotion"},{"floor":33,"key":"DistilledChaos"}],"is_trial":false,"path_per_floor":["M","M","M","M","M","R","M","R","T","E","M","M","E","?","R","B",null,"M","M","$","M","?","E","M","R","T","R","?","R","$","M","R","B",null,"M","?","T","M","?","M","R","M","T","R","$","M","R","M","R","B",null],"character_chosen":"IRONCLAD","items_purchased":["ClockworkSouvenir","Oddly Smooth Stone","Magnetism"],"campfire_rested":0,"item_purchase_floors":[20,30,45],"current_hp_per_floor":[62,66,69,61,63,63,60,60,60,60,66,55,61,54,54,56,80,80,83,83,83,83,49,58,58,58,58,58,58,58,76,76,40,94,90,90,90,98,102,102,102,106,106,106,106,106,106,106,106,37],"gold":142,"neow_bonus":"TRANSFORM_TWO_CARDS","is_prod":false,"is_daily":false,"chose_seed":false,"campfire_upgraded":11,"win_rate":0.0,"timestamp":1593865152,"path_taken":["M","M","M","M","?","R","M","R","T","E","M","M","E","?","R","BOSS","M","M","$","M","?","E","M","R","T","R","?","R","?","?","R","BOSS","M","?","?","M","?","M","R","M","T","R","$","M","R","M","R","BOSS"],"build_version":"2020-01-27","purchased_purges":2,"victory":true,"max_hp_per_floor":[80,80,80,80,80,80,80,80,80,80,80,80,80,80,80,80,80,80,83,83,83,83,83,86,86,86,86,86,86,86,90,90,94,94,98,98,98,98,102,102,102,106,106,106,106,106,106,106,106,106],"card_choices":[{"not_picked":["Flex","Combust","Thunderclap"],"picked":"SKIP","floor":1},{"not_picked":["Armaments","Heavy Blade"],"picked":"Disarm","floor":2},{"not_picked":["Rage","Hemokinesis"],"picked":"Shockwave","floor":3},{"not_picked":["Perfected Strike","Sword Boomerang"],"picked":"Shrug It Off","floor":4},{"not_picked":["Ghostly Armor","True Grit","Entrench"],"picked":"SKIP","floor":5},{"not_picked":["Hemokinesis","Cleave","Metallicize"],"picked":"SKIP","floor":7},{"not_picked":["Anger","Demon Form"],"picked":"Reaper","floor":10},{"not_picked":["Dark Embrace","Rupture","Thunderclap"],"picked":"SKIP","floor":11},{"not_picked":["True Grit","Twin Strike","Intimidate"],"picked":"SKIP","floor":12},{"not_picked":["Pommel Strike","Inflame"],"picked":"Barricade","floor":13},{"not_picked":["Brutality","Berserk"],"picked":"Feed","floor":16},{"not_picked":["Infernal Blade","Iron Wave","Pommel Strike"],"picked":"SKIP","floor":18},{"not_picked":["Cleave+1","Heavy Blade+1","Sword Boomerang"],"picked":"SKIP","floor":19},{"not_picked":["Perfected Strike+1","Hemokinesis+1","Sword Boomerang"],"picked":"SKIP","floor":21},{"not_picked":["Armaments+1","Bloodletting"],"picked":"Corruption","floor":23},{"not_picked":["Armaments+1","Clash"],"picked":"Body Slam","floor":24},{"not_picked":["Dual Wield","Second Wind"],"picked":"Battle Trance","floor":31},{"not_picked":["Fiend Fire","Feed"],"picked":"Reaper","floor":33},{"not_picked":["Twin Strike","Anger"],"picked":"Body Slam+1","floor":35},{"not_picked":["Violence","Metamorphosis"],"picked":"Secret Weapon","floor":36},{"not_picked":["Thunderclap+1","Headbutt+1","Intimidate"],"picked":"SKIP","floor":38},{"not_picked":["Iron Wave","Shockwave+1"],"picked":"Whirlwind+1","floor":39},{"not_picked":["Cleave+1","Rage+1","Clash"],"picked":"SKIP","floor":40},{"not_picked":["Rage","Anger","Infernal Blade+1"],"picked":"SKIP","floor":42},{"not_picked":["Perfected Strike","Clash","Heavy Blade+1"],"picked":"SKIP","floor":46},{"not_picked":["Bloodletting","Twin Strike"],"picked":"Demon Form","floor":48}],"player_experience":55273,"relics_obtained":[{"floor":9,"key":"Bottled Flame"},{"floor":10,"key":"Anchor"},{"floor":13,"key":"HornCleat"},{"floor":23,"key":"White Beast Statue"},{"floor":26,"key":"Bag of Preparation"},{"floor":37,"key":"MawBank"},{"floor":39,"key":"FossilizedHelix"},{"floor":43,"key":"StoneCalendar"}],"event_choices":[{"cards_removed":["Strike_R"],"damage_healed":0,"gold_gain":0,"player_choice":"Card Removal","damage_taken":7,"max_hp_gain":0,"max_hp_loss":0,"event_name":"Golden Wing","floor":14,"gold_loss":0},{"cards_removed":["Defend_R"],"damage_healed":0,"gold_gain":0,"player_choice":"Gave Gold","damage_taken":0,"max_hp_gain":0,"max_hp_loss":0,"event_name":"Beggar","floor":22,"gold_loss":75},{"damage_healed":0,"gold_gain":0,"player_choice":"Read","damage_taken":0,"max_hp_gain":0,"max_hp_loss":0,"event_name":"The Library","floor":28,"gold_loss":0,"cards_obtained":["Carnage"]},{"damage_healed":0,"gold_gain":0,"player_choice":"Memory 1","damage_taken":0,"max_hp_gain":0,"max_hp_loss":0,"event_name":"SensoryStone","floor":36,"gold_loss":0},{"damage_healed":0,"gold_gain":0,"player_choice":"Fight","damage_taken":0,"max_hp_gain":0,"max_hp_loss":0,"event_name":"MindBloom","floor":39,"gold_loss":0}],"is_beta":false,"boss_relics":[{"not_picked":["Cursed Key","Runic Dome"],"picked":"Velvet Choker"},{"not_picked":["Black Star","Runic Cube"],"picked":"Sozu"}],"items_purged_floors":[20,45],"is_endless":false,"potions_floor_spawned":[3,7,10,12,13,16,18,23,24,31,33,35,38,39,40,42,46,48],"ascension_level":0}