{"gold_per_floor":[118,130,149,162,87,87,115,126,126,160,45,62,141,155,155,257,257,274,292,307,307,307,307,381,381,381,381,396,406,406],"floor_reached":30,"playtime":3818,"items_purged":["Doubt"],"score":279,"play_id":"56fba297-4112-4bd3-bc3f-6c2e92b0dd18","local_time":"20200822191024","is_ascension_mode":true,"campfire_choices":[{"data":"Barricade","floor":6.0,"key":"SMITH"},{"data":"Berserk","floor":15.0,"key":"SMITH"},{"data":"Impervious","floor":23.0,"key":"SMITH"},{"data":"Metallicize","floor":25.0,"key":"SMITH"},{"data":"Metallicize","floor":27.0,"key":"SMITH"}],"neow_cost":"CURSE","seed_source_timestamp":505491946195512,"circlet_count":0,"master_deck":["Strike_R","Strike_R","Strike_R","Strike_R","Strike_R","Defend_R","Defend_R","Defend_R","Defend_R","Bash","Barricade+1","Metallicize+1","Carnage","Battle Trance","Twin Strike","Reaper","Inflame","Berserk+1","Body Slam+1","Impervious+1","Thunderclap+1","Metallicize+1","Necronomicurse","Intimidate","Body Slam+1"],"special_seed":0,"relics":["Burning Blood","Lantern","Molten Egg 2","The Courier","Toolbox","Sozu","Necronomicon","Sundial","Juzu Bracelet"],"potions_floor_usage":[],"damage_taken":[{"damage":8.0,"enemies":"Small Slimes","floor":1.0,"turns":4.0},{"damage":6.0,"enemies":"2 Louse","floor":2.0,"turns":4.0},{"damage":1.0,"enemies":"Cultist","floor":3.0,"turns":4.0},{"damage":15.0,"enemies":"Exordium Thugs","floor":4.0,"turns":9.0},{"damage":7.0,"enemies":"Lagavulin","floor":7.0,"turns":7.0},{"damage":4.0,"enemies":"Blue Slaver","floor":8.0,"turns":9.0},{"damage":28.0,"enemies":"3 Sentries","floor":10.0,"turns":9.0},{"damage":0.0,"enemies":"Large Slime","floor":12.0,"turns":6.0},{"damage":19.0,"enemies":"3 Louse","floor":13.0,"turns":7.0},{"damage":4.0,"enemies":"2 Fungi Beasts","floor":14.0,"turns":3.0},{"damage":15.0,"enemies":"The Guardian","floor":16.0,"turns":11.0},{"damage":2.0,"enemies":"Shell Parasite","floor":18.0,"turns":5.0},{"damage":1.0,"enemies":"3 Byrds","floor":19.0,"turns":5.0},{"damage":13.0,"enemies":"Snecko","floor":20.0,"turns":6.0},{"damage":45.0,"enemies":"Slavers","floor":24.0,"turns":10.0},{"damage":13.0,"enemies":"Snake Plant","floor":28.0,"turns":4.0},{"damage":8,"enemies":"3 Cultists","floor":29,"turns":6},{"damage":49,"enemies":"Gremlin Leader","floor":30,"turns":5}],"seed_played":"340614836217586813","potions_obtained":[{"floor":1.0,"key":"PowerPotion"},{"floor":3.0,"key":"EssenceOfSteel"},{"floor":8.0,"key":"LiquidMemories"},{"floor":10.0,"key":"DuplicationPotion"},{"floor":14.0,"key":"Regen Potion"},{"floor":16.0,"key":"SpeedPotion"}],"is_trial":false,"path_per_floor":["M","M","M","M","$","R","E","M","T","E","$","M","M","M","R","B",null,"M","M","M","?","?","R","E","R","T","R","M","M","E"],"character_chosen":"IRONCLAD","items_purchased":["Toolbox"],"campfire_rested":0,"item_purchase_floors":[11],"current_hp_per_floor":[78,78,80,71,71,71,70,76,76,66,66,80,67,73,73,70,80,80,80,79,79,63,63,38,38,38,38,36,42,0],"gold":406,"neow_bonus":"THREE_RARE_CARDS","is_prod":false,"is_daily":false,"chose_seed":false,"campfire_upgraded":5,"win_rate":0,"timestamp":1598141424,"path_taken":["M","M","M","M","$","R","E","M","T","E","$","M","M","M","R","BOSS","M","M","M","?","?","R","E","R","T","R","M","M","E"],"build_version":"2020-07-30","purchased_purges":1,"victory":false,"max_hp_per_floor":[80,80,80,80,80,80,80,80,80,80,80,80,80,80,80,80,80,80,80,80,80,80,80,80,80,80,80,80,80,80],"card_choices":[{"not_picked":["Fiend Fire","Reaper"],"picked":"Barricade","floor":0.0},{"not_picked":["Dropkick","Hemokinesis"],"picked":"Metallicize","floor":1.0},{"not_picked":["Warcry","Dark Embrace"],"picked":"Carnage","floor":2.0},{"not_picked":["Sword Boomerang","Twin Strike"],"picked":"Battle Trance","floor":3.0},{"not_picked":["Pommel Strike","Dark Embrace"],"picked":"Twin Strike","floor":4.0},{"not_picked":["Perfected Strike","Spot Weakness"],"picked":"Reaper","floor":7.0},{"not_picked":["Anger","Warcry"],"picked":"Inflame","floor":8.0},{"not_picked":["Clothesline+1","Twin Strike+1"],"picked":"Berserk","floor":10.0},{"not_picked":["Dropkick+1","Dual Wield","Warcry"],"picked":"SKIP","floor":12.0},{"not_picked":["Cleave+1","Spot Weakness"],"picked":"Body Slam+1","floor":13.0},{"not_picked":["Sever Soul+1","Pummel+1","Anger+1"],"picked":"SKIP","floor":14.0},{"not_picked":["Brutality","Bludgeon+1"],"picked":"Impervious","floor":16.0},{"not_picked":["True Grit","Armaments+1"],"picked":"Thunderclap+1","floor":18.0},{"not_picked":["Thunderclap+1","Headbutt+1","Infernal Blade"],"picked":"SKIP","floor":19.0},{"not_picked":["Hemokinesis+1","Warcry"],"picked":"Metallicize","floor":20.0},{"not_picked":["Armaments","Perfected Strike+1","Sever Soul+1"],"picked":"SKIP","floor":24.0},{"not_picked":["Infernal Blade","Clash+1"],"picked":"Intimidate","floor":28.0},{"not_picked":["Inflame","Flex+1"],"picked":"Body Slam+1","floor":29}],"player_experience":127724,"relics_obtained":[{"floor":7.0,"key":"Lantern"},{"floor":9.0,"key":"Molten Egg 2"},{"floor":10.0,"key":"The Courier"},{"floor":22.0,"key":"Necronomicon"},{"floor":24.0,"key":"Sundial"},{"floor":26.0,"key":"Juzu Bracelet"}],"event_choices":[{"damage_healed":0.0,"max_hp_gain":0.0,"max_hp_loss":0.0,"gold_gain":0.0,"event_name":"The Mausoleum","player_choice":"Ignored","floor":21.0,"gold_loss":0.0,"damage_taken":0.0},{"damage_healed":0.0,"max_hp_gain":0.0,"max_hp_loss":0.0,"gold_gain":0.0,"event_name":"Cursed Tome","player_choice":"Obtained Book","floor":22.0,"gold_loss":0.0,"damage_taken":16.0}],"is_beta":false,"boss_relics":[{"not_picked":["Cursed Key","SlaversCollar"],"picked":"Sozu"}],"items_purged_floors":[5],"is_endless":false,"potions_floor_spawned":[1,3,8,10,14,16,20,24],"killed_by":"Gremlin Leader","ascension_level":1}