{"gold_per_floor":[111,122,132,144,157,157,187,187,234,234,269,124,154,173,173,277,277,292,305,49,67,85,85,99,110,137,137,137,137,12,32,32,131,131,142,192,192,42,60,60,71,95,171,81,81,99,99,112,112,112],"floor_reached":51,"playtime":4603,"items_purged":["Strike_R","Strike_R","Strike_R","Defend_R"],"score":731,"play_id":"6a523f19-95ec-4a19-9cb5-7c1c4a221297","local_time":"20200823012224","is_ascension_mode":true,"campfire_choices":[{"data":"True Grit","floor":6.0,"key":"SMITH"},{"data":"Clothesline","floor":8.0,"key":"SMITH"},{"data":"Flame Barrier","floor":10.0,"key":"SMITH"},{"data":"Berserk","floor":15.0,"key":"SMITH"},{"data":"Rampage","floor":23.0,"key":"SMITH"},{"data":"Bash","floor":27.0,"key":"SMITH"},{"data":"Battle Trance","floor":29.0,"key":"SMITH"},{"data":"Shrug It Off","floor":32.0,"key":"SMITH"},{"data":"Metallicize","floor":40,"key":"SMITH"},{"data":"Ghostly Armor","floor":45,"key":"SMITH"},{"data":"Headbutt","floor":47,"key":"SMITH"},{"floor":49,"key":"RECALL"}],"neow_cost":"TEN_PERCENT_HP_LOSS","seed_source_timestamp":526818045342769,"circlet_count":0,"master_deck":["Defend_R+1","Bash+1","Clothesline+1","True Grit+1","Shrug It Off+1","Flame Barrier+1","Metallicize+1","Berserk+1","Battle Trance+1","Headbutt+1","Headbutt+1","Rampage+1","Twin Strike+1","Ghostly Armor+1","Pommel Strike+1"],"special_seed":0,"relics":["Burning Blood","Bottled Flame","Bag of Marbles","Ornamental Fan","War Paint","Sozu","Toolbox","Tiny Chest","Busted Crown","Du-Vu Doll","Oddly Smooth Stone","Molten Egg 2"],"potions_floor_usage":[50,50,50],"damage_taken":[{"damage":1.0,"enemies":"2 Louse","floor":1.0,"turns":5.0},{"damage":1.0,"enemies":"Cultist","floor":2.0,"turns":4.0},{"damage":0.0,"enemies":"Small Slimes","floor":3.0,"turns":3.0},{"damage":2.0,"enemies":"3 Louse","floor":4.0,"turns":6.0},{"damage":12.0,"enemies":"Exordium Thugs","floor":5.0,"turns":6.0},{"damage":34.0,"enemies":"3 Sentries","floor":7.0,"turns":13.0},{"damage":4.0,"enemies":"Lagavulin","floor":11.0,"turns":8.0},{"damage":0.0,"enemies":"Gremlin Nob","floor":13.0,"turns":4.0},{"damage":0.0,"enemies":"Exordium Wildlife","floor":14.0,"turns":4.0},{"damage":0.0,"enemies":"The Guardian","floor":16.0,"turns":13.0},{"damage":11.0,"enemies":"Spheric Guardian","floor":18.0,"turns":5.0},{"damage":6.0,"enemies":"2 Thieves","floor":19.0,"turns":5.0},{"damage":14.0,"enemies":"Cultist and Chosen","floor":21.0,"turns":8.0},{"damage":6.0,"enemies":"Centurion and Healer","floor":22.0,"turns":6.0},{"damage":1.0,"enemies":"Snake Plant","floor":24.0,"turns":4.0},{"damage":0.0,"enemies":"Cultist and Chosen","floor":25.0,"turns":5.0},{"damage":5.0,"enemies":"Shelled Parasite and Fungi","floor":31.0,"turns":6.0},{"damage":25.0,"enemies":"Automaton","floor":33.0,"turns":10.0},{"damage":15.0,"enemies":"3 Shapes","floor":35.0,"turns":6.0},{"damage":3,"enemies":"Mind Bloom Boss Battle","floor":36,"turns":6},{"damage":7,"enemies":"3 Darklings","floor":39,"turns":6},{"damage":9,"enemies":"Jaw Worm Horde","floor":41,"turns":5},{"damage":0,"enemies":"Transient","floor":46,"turns":5},{"damage":2,"enemies":"Spire Growth","floor":48,"turns":5},{"damage":25,"enemies":"Awakened One","floor":50,"turns":12}],"seed_played":"-2728528847807317690","potions_obtained":[{"floor":3.0,"key":"Regen Potion"},{"floor":4.0,"key":"CultistPotion"},{"floor":11.0,"key":"Energy Potion"},{"floor":14.0,"key":"SteroidPotion"}],"is_trial":false,"path_per_floor":["M","M","M","M","M","R","E","R","T","R","E","$","E","M","R","B",null,"M","M","$","M","M","R","M","M","T","R","?","R","$","M","R","B",null,"M","?","?","$","M","R","M","T","T","?","R","M","R","M","R","B",null],"character_chosen":"IRONCLAD","items_purchased":["Battle Trance","Toolbox"],"campfire_rested":0,"item_purchase_floors":[12,20],"current_hp_per_floor":[72,72,72,72,66,66,38,38,38,38,55,55,61,67,67,72,72,67,67,67,59,59,59,64,70,70,70,70,70,70,71,71,52,72,63,66,66,66,65,65,62,62,62,62,62,68,68,72,72,53],"gold":112,"neow_bonus":"REMOVE_TWO","is_prod":false,"is_daily":false,"chose_seed":false,"campfire_upgraded":11,"win_rate":0,"timestamp":1598163744,"path_taken":["M","M","M","M","M","R","E","R","T","R","E","$","E","M","R","BOSS","M","M","$","M","M","R","M","M","T","R","?","R","$","M","R","BOSS","M","?","?","$","M","R","M","?","T","?","R","?","R","M","R","BOSS"],"build_version":"2020-07-30","purchased_purges":4,"victory":true,"max_hp_per_floor":[72,72,72,72,72,72,72,72,72,72,72,72,72,72,72,72,72,72,72,72,72,72,72,72,72,72,72,72,72,72,72,72,72,72,72,72,72,72,72,72,72,72,72,72,72,72,72,72,72,72],"card_choices":[{"not_picked":["Twin Strike","Flame Barrier"],"picked":"Clothesline","floor":1.0},{"not_picked":["Clash","Iron Wave"],"picked":"True Grit","floor":2.0},{"not_picked":["Flex","Anger","True Grit"],"picked":"SKIP","floor":3.0},{"not_picked":["Flex","Anger","True Grit"],"picked":"SKIP","floor":3.0},{"not_picked":["Armaments","Iron Wave"],"picked":"Shrug It Off","floor":4.0},{"not_picked":["Entrench","Corruption"],"picked":"Flame Barrier","floor":5.0},{"not_picked":["Spot Weakness","Armaments"],"picked":"Metallicize","floor":7.0},{"not_picked":["Iron Wave","Headbutt"],"picked":"Berserk","floor":11.0},{"not_picked":["Flex","Metallicize"],"picked":"Headbutt","floor":13.0},{"not_picked":["True Grit","Body Slam"],"picked":"Headbutt","floor":14.0},{"not_picked":["Thunderclap+1","Pommel Strike","Flex"],"picked":"SKIP","floor":18.0},{"not_picked":["Blood for Blood","Body Slam"],"picked":"Rampage","floor":19.0},{"not_picked":["Clothesline","Hemokinesis","Blood for Blood+1"],"picked":"SKIP","floor":21.0},{"not_picked":["Sword Boomerang+1","Whirlwind"],"picked":"Twin Strike+1","floor":22.0},{"not_picked":["Warcry","Thunderclap","Pommel Strike"],"picked":"SKIP","floor":24.0},{"not_picked":["Seeing Red","Perfected Strike"],"picked":"Ghostly Armor","floor":25.0},{"not_picked":["Thunderclap+1","Perfected Strike+1","Headbutt"],"picked":"SKIP","floor":31.0},{"not_picked":["Heavy Blade"],"picked":"SKIP","floor":35.0},{"not_picked":["Perfected Strike+1"],"picked":"SKIP","floor":39},{"not_picked":["Sword Boomerang+1"],"picked":"SKIP","floor":41},{"not_picked":["Rage+1"],"picked":"SKIP","floor":46},{"not_picked":[],"picked":"Pommel Strike+1","floor":48}],"player_experience":131542,"relics_obtained":[{"floor":7.0,"key":"Bottled Flame"},{"floor":9.0,"key":"Bag of Marbles"},{"floor":11.0,"key":"Ornamental Fan"},{"floor":13.0,"key":"War Paint"},{"floor":26.0,"key":"Tiny Chest"},{"floor":36,"key":"Du-Vu Doll"},{"floor":42,"key":"Oddly Smooth Stone"},{"floor":43,"key":"Molten Egg 2"}],"event_choices":[{"damage_healed":0.0,"max_hp_gain":0.0,"max_hp_loss":0.0,"gold_gain":0.0,"event_name":"Lab","player_choice":"Got Potions","floor":28.0,"gold_loss":0.0,"damage_taken":0.0},{"damage_healed":0,"gold_gain":0,"player_choice":"Fight","damage_taken":0,"max_hp_gain":0,"max_hp_loss":0,"event_name":"MindBloom","floor":36,"gold_loss":0},{"cards_removed":["Defend_R"],"damage_healed":0,"gold_gain":0,"player_choice":"Purged","damage_taken":0,"max_hp_gain":0,"max_hp_loss":0,"event_name":"Purifier","floor":37,"gold_loss":0},{"cards_removed":["Defend_R"],"damage_healed":0,"gold_gain":0,"player_choice":"Upgrade and Remove","damage_taken":0,"max_hp_gain":0,"max_hp_loss":0,"event_name":"Designer","floor":44,"gold_loss":90,"cards_upgraded":["Headbutt"]}],"is_beta":false,"boss_relics":[{"not_picked":["Ectoplasm","Runic Cube"],"picked":"Sozu"},{"not_picked":["SlaversCollar","Velvet Choker"],"picked":"Busted Crown"}],"items_purged_floors":[12,20,30,38],"is_endless":false,"potions_floor_spawned":[3,4,11,14,18,21,33,35,41,48],"ascension_level":1}