{"gold_per_floor":[115,40,54,70,145,145,160,190,245,245,98,108,138,153,153,153],"floor_reached":16,"playtime":1217,"items_purged":["Normality","Strike_R"],"score":129,"play_id":"9bfddc76-bb27-4aa5-bc66-2932ba2f90d7","local_time":"20200825021603","is_ascension_mode":true,"campfire_choices":[{"data":"Bash","floor":6.0,"key":"SMITH"},{"data":"Cleave","floor":10.0,"key":"SMITH"},{"floor":15.0,"key":"REST"}],"neow_cost":"CURSE","seed_source_timestamp":651292374588987,"circlet_count":0,"master_deck":["Strike_R","Strike_R","Strike_R","Strike_R","Defend_R","Defend_R","Defend_R","Defend_R","Bash+1","Limit Break","Heavy Blade","Cleave+1","Warcry+1","True Grit+1","Shrug It Off+1","Double Tap+1","Twin Strike"],"special_seed":0,"relics":["Burning Blood","Toxic Egg 2","Tiny Chest"],"potions_floor_usage":[16,16],"damage_taken":[{"damage":6.0,"enemies":"Jaw Worm","floor":1.0,"turns":5.0},{"damage":4.0,"enemies":"Small Slimes","floor":3.0,"turns":3.0},{"damage":1.0,"enemies":"Cultist","floor":4.0,"turns":3.0},{"damage":7.0,"enemies":"2 Fungi Beasts","floor":7.0,"turns":3.0},{"damage":61.0,"enemies":"Lagavulin","floor":8.0,"turns":11.0},{"damage":1.0,"enemies":"Exordium Wildlife","floor":12.0,"turns":4.0},{"damage":5.0,"enemies":"3 Sentries","floor":13.0,"turns":6.0},{"damage":8.0,"enemies":"3 Louse","floor":14.0,"turns":4.0},{"damage":43,"enemies":"Hexaghost","floor":16,"turns":12}],"seed_played":"-7787365282509149408","potions_obtained":[{"floor":1.0,"key":"GamblersBrew"},{"floor":8.0,"key":"Block Potion"},{"floor":12.0,"key":"Energy Potion"},{"floor":13.0,"key":"SteroidPotion"}],"is_trial":false,"path_per_floor":["M","$","M","M","?","R","M","E","T","R","$","M","E","M","R","B"],"character_chosen":"IRONCLAD","items_purchased":["True Grit+1"],"campfire_rested":1,"item_purchase_floors":[11],"current_hp_per_floor":[80,80,80,80,69,69,68,13,13,13,13,18,19,17,41,0],"gold":153,"neow_bonus":"THREE_RARE_CARDS","is_prod":false,"is_daily":false,"chose_seed":false,"campfire_upgraded":2,"win_rate":0,"timestamp":1598339763,"path_taken":["M","$","M","M","?","R","M","E","T","R","$","M","E","M","R","BOSS"],"build_version":"2020-07-30","purchased_purges":2,"victory":false,"max_hp_per_floor":[80,80,80,80,80,80,80,80,80,80,80,80,80,80,80,80],"card_choices":[{"not_picked":["Bludgeon","Brutality"],"picked":"Limit Break","floor":0.0},{"not_picked":["Warcry","Wild Strike"],"picked":"Heavy Blade","floor":1.0},{"not_picked":["Bloodletting","Flex"],"picked":"Cleave","floor":3.0},{"not_picked":["Seeing Red","Armaments","Flex"],"picked":"SKIP","floor":4.0},{"not_picked":["Body Slam","Heavy Blade","Pommel Strike"],"picked":"SKIP","floor":7.0},{"not_picked":["Heavy Blade","Thunderclap"],"picked":"Warcry+1","floor":8.0},{"not_picked":["Disarm+1","Combust"],"picked":"Shrug It Off+1","floor":12.0},{"not_picked":["Wild Strike","True Grit+1"],"picked":"Double Tap+1","floor":13.0},{"not_picked":["Body Slam","Entrench+1"],"picked":"Twin Strike","floor":14.0}],"player_experience":160603,"relics_obtained":[{"floor":8.0,"key":"Toxic Egg 2"},{"floor":13.0,"key":"Tiny Chest"}],"event_choices":[{"damage_healed":0.0,"max_hp_gain":0.0,"max_hp_loss":0.0,"gold_gain":75.0,"event_name":"World of Goop","player_choice":"Gather Gold","floor":5.0,"gold_loss":0.0,"damage_taken":11.0}],"is_beta":false,"boss_relics":[],"items_purged_floors":[2,11],"is_endless":false,"potions_floor_spawned":[1,8,12,13],"killed_by":"Hexaghost","ascension_level":3}