{"gold_per_floor":[216,232,242,262,282,282,307,318,395,429,248,267,267,286,286,391,391,408,426,446,446,459,492,492,492],"floor_reached":25,"playtime":2517,"items_purged":["Strike_R"],"score":332,"play_id":"060fccb2-ff96-4a37-a986-b0fac8981c5d","local_time":"20200825141757","is_ascension_mode":true,"campfire_choices":[{"data":"Bash","floor":6.0,"key":"SMITH"},{"data":"Searing Blow","floor":13.0,"key":"SMITH"},{"data":"Searing Blow+1","floor":15.0,"key":"SMITH"},{"data":"Searing Blow+2","floor":24,"key":"SMITH"}],"neow_cost":"NONE","seed_source_timestamp":673332445917709,"circlet_count":0,"master_deck":["Strike_R","Strike_R","Strike_R","Strike_R","Defend_R+1","Defend_R+1","Defend_R","Defend_R","Bash+1","Seeing Red","Carnage","Shrug It Off","Ghostly Armor","Shrug It Off","Searing Blow+3","Seeing Red","Headbutt","Rampage+1","Inflame"],"special_seed":0,"relics":["Burning Blood","War Paint","Shuriken","Sundial","Membership Card","Philosopher\u0027s Stone","Mango"],"potions_floor_usage":[23,23],"damage_taken":[{"damage":8.0,"enemies":"Jaw Worm","floor":1.0,"turns":4.0},{"damage":5.0,"enemies":"2 Louse","floor":2.0,"turns":3.0},{"damage":1.0,"enemies":"Cultist","floor":3.0,"turns":3.0},{"damage":2.0,"enemies":"2 Fungi Beasts","floor":4.0,"turns":4.0},{"damage":12.0,"enemies":"Large Slime","floor":5.0,"turns":6.0},{"damage":32.0,"enemies":"Lagavulin","floor":7.0,"turns":6.0},{"damage":15.0,"enemies":"3 Louse","floor":8.0,"turns":4.0},{"damage":8.0,"enemies":"Gremlin Nob","floor":10.0,"turns":3.0},{"damage":14.0,"enemies":"Lots of Slimes","floor":12.0,"turns":7.0},{"damage":2.0,"enemies":"Gremlin Gang","floor":14.0,"turns":4.0},{"damage":0.0,"enemies":"The Guardian","floor":16.0,"turns":13.0},{"damage":6.0,"enemies":"Spheric Guardian","floor":18.0,"turns":5.0},{"damage":1.0,"enemies":"Chosen","floor":19.0,"turns":4.0},{"damage":17.0,"enemies":"Snake Plant","floor":20.0,"turns":3.0},{"damage":17.0,"enemies":"3 Cultists","floor":22.0,"turns":6.0},{"damage":35,"enemies":"Gremlin Leader","floor":23,"turns":4},{"damage":45,"enemies":"Book of Stabbing","floor":25,"turns":4}],"seed_played":"7964822441147166354","potions_obtained":[{"floor":3.0,"key":"LiquidBronze"},{"floor":4.0,"key":"ElixirPotion"},{"floor":8.0,"key":"BlessingOfTheForge"},{"floor":10.0,"key":"PowerPotion"},{"floor":12.0,"key":"FearPotion"},{"floor":14.0,"key":"SteroidPotion"},{"floor":19.0,"key":"AttackPotion"}],"is_trial":false,"path_per_floor":["M","M","M","M","M","R","E","M","T","E","$","M","R","M","R","B",null,"M","M","M","?","M","E","R","E"],"character_chosen":"IRONCLAD","items_purchased":["Membership Card"],"campfire_rested":0,"item_purchase_floors":[11],"current_hp_per_floor":[78,79,80,80,74,74,48,39,39,37,37,29,29,33,33,39,80,80,80,69,69,58,43,43,0],"gold":492,"neow_bonus":"HUNDRED_GOLD","is_prod":false,"is_daily":false,"chose_seed":false,"campfire_upgraded":4,"win_rate":0,"timestamp":1598383077,"path_taken":["M","M","M","M","M","R","E","M","T","E","$","M","R","M","R","BOSS","M","M","M","?","M","E","R","E"],"build_version":"2020-07-30","purchased_purges":1,"victory":false,"max_hp_per_floor":[80,80,80,80,80,80,80,80,80,80,80,80,80,80,80,80,80,80,80,80,80,80,94,94,94],"card_choices":[{"not_picked":["Wild Strike","Flex"],"picked":"Seeing Red","floor":1.0},{"not_picked":["Warcry","Twin Strike"],"picked":"Carnage","floor":2.0},{"not_picked":["Barricade","Ghostly Armor"],"picked":"Shrug It Off","floor":3.0},{"not_picked":["Anger","Rampage"],"picked":"Ghostly Armor","floor":4.0},{"not_picked":["Anger","Warcry"],"picked":"Shrug It Off","floor":5.0},{"not_picked":["Warcry","Anger"],"picked":"Searing Blow","floor":7.0},{"not_picked":["Heavy Blade","Fire Breathing"],"picked":"Seeing Red","floor":8.0},{"not_picked":["Thunderclap","Flex"],"picked":"Headbutt","floor":10.0},{"not_picked":["Rage","Heavy Blade","Intimidate"],"picked":"SKIP","floor":12.0},{"not_picked":["Combust","Seeing Red","Clash"],"picked":"SKIP","floor":14.0},{"not_picked":["Perfected Strike","Clothesline"],"picked":"Rampage+1","floor":18.0},{"not_picked":["Shrug It Off","Infernal Blade","Flex"],"picked":"SKIP","floor":19.0},{"not_picked":["Twin Strike","Pummel+1","Perfected Strike"],"picked":"SKIP","floor":20.0},{"not_picked":["Whirlwind","True Grit","Perfected Strike"],"picked":"SKIP","floor":22.0},{"not_picked":["Brutality","Infernal Blade+1"],"picked":"Inflame","floor":23}],"player_experience":161820,"relics_obtained":[{"floor":7.0,"key":"War Paint"},{"floor":9.0,"key":"Shuriken"},{"floor":10.0,"key":"Sundial"},{"floor":23,"key":"Mango"}],"event_choices":[{"damage_healed":0.0,"max_hp_gain":0.0,"max_hp_loss":0.0,"gold_gain":0.0,"event_name":"Ghosts","player_choice":"Ignored","floor":21.0,"gold_loss":0.0,"damage_taken":0.0}],"is_beta":false,"boss_relics":[{"not_picked":["Ectoplasm","Snecko Eye"],"picked":"Philosopher\u0027s Stone"}],"items_purged_floors":[11],"is_endless":false,"potions_floor_spawned":[3,4,8,10,12,14,19],"killed_by":"Book of Stabbing","ascension_level":3}