{"gold_per_floor":[110,124,134,148,165,195,208,208,208,208,158,184,184,219,219,323,323,334,354,370,389,389,389,418,418,418,428,456,476,502,6,6,102,102,122,132,151,101,101,101,120,70,97,0,0,11,40,40,40,40],"floor_reached":51,"playtime":5691,"items_purged":["Strike_R","Defend_R","Strike_R+1","Strike_R+1"],"score":835,"play_id":"3746a38d-cbbc-4ba4-a687-22d3befeac42","local_time":"20200824193108","is_ascension_mode":true,"campfire_choices":[{"data":"Bash","floor":8.0,"key":"SMITH"},{"data":"Power Through","floor":10.0,"key":"SMITH"},{"data":"Disarm","floor":15.0,"key":"SMITH"},{"data":"Cleave","floor":23.0,"key":"SMITH"},{"data":"True Grit","floor":25.0,"key":"SMITH"},{"data":"Uppercut","floor":32.0,"key":"SMITH"},{"data":"Whirlwind","floor":40.0,"key":"SMITH"},{"data":"Immolate","floor":49.0,"key":"SMITH"}],"neow_cost":"NONE","seed_source_timestamp":0,"circlet_count":0,"master_deck":["Defend_R+1","Defend_R+1","Bash+1","Cleave","Cleave+1","Power Through+1","Metallicize","Disarm+1","Headbutt","Impervious","Shockwave+1","Disarm+1","Impervious+1","Battle Trance+1","Shrug It Off+1","Warcry+1","Inflame+1","True Grit+1","Flame Barrier+1","Carnage+1","Uppercut+1","Immolate+1","Reaper","Whirlwind+1","Metallicize+1","Disarm+1"],"special_seed":0,"relics":["Burning Blood","Whetstone","Smiling Mask","Tiny Chest","White Beast Statue","Mercury Hourglass","War Paint","Astrolabe","Bottled Tornado","Pear","Frozen Egg 2","StoneCalendar","Omamori","Chemical X","Velvet Choker","Incense Burner","Lantern","Red Mask","Bottled Lightning","Red Skull"],"potions_floor_usage":[50,50],"damage_taken":[{"damage":6.0,"enemies":"Cultist","floor":1.0,"turns":3.0},{"damage":0.0,"enemies":"Small Slimes","floor":2.0,"turns":3.0},{"damage":5.0,"enemies":"2 Louse","floor":3.0,"turns":2.0},{"damage":12.0,"enemies":"Looter","floor":4.0,"turns":3.0},{"damage":13.0,"enemies":"Exordium Wildlife","floor":5.0,"turns":7.0},{"damage":15.0,"enemies":"3 Sentries","floor":6.0,"turns":6.0},{"damage":16.0,"enemies":"Gremlin Gang","floor":7.0,"turns":5.0},{"damage":17.0,"enemies":"Lagavulin","floor":12.0,"turns":9.0},{"damage":0.0,"enemies":"Gremlin Nob","floor":14.0,"turns":3.0},{"damage":3.0,"enemies":"Hexaghost","floor":16.0,"turns":11.0},{"damage":7.0,"enemies":"Shell Parasite","floor":18.0,"turns":9.0},{"damage":0.0,"enemies":"3 Byrds","floor":19.0,"turns":4.0},{"damage":5.0,"enemies":"Centurion and Healer","floor":20.0,"turns":7.0},{"damage":0.0,"enemies":"Snake Plant","floor":21.0,"turns":5.0},{"damage":17.0,"enemies":"Slavers","floor":24.0,"turns":5.0},{"damage":1.0,"enemies":"Cultist and Chosen","floor":27.0,"turns":6.0},{"damage":3.0,"enemies":"Gremlin Leader","floor":28.0,"turns":7.0},{"damage":0.0,"enemies":"Chosen and Byrds","floor":29.0,"turns":3.0},{"damage":0.0,"enemies":"Book of Stabbing","floor":30.0,"turns":7.0},{"damage":9.0,"enemies":"Automaton","floor":33.0,"turns":10.0},{"damage":5.0,"enemies":"3 Shapes","floor":35.0,"turns":2.0},{"damage":9.0,"enemies":"3 Darklings","floor":36.0,"turns":3.0},{"damage":14.0,"enemies":"Transient","floor":37.0,"turns":5.0},{"damage":3.0,"enemies":"4 Shapes","floor":41.0,"turns":7.0},{"damage":0.0,"enemies":"Spire Growth","floor":46.0,"turns":6.0},{"damage":3.0,"enemies":"Nemesis","floor":47.0,"turns":9.0},{"damage":31,"enemies":"Awakened One","floor":50,"turns":15}],"seed_played":"-8094794499525892553","potions_obtained":[{"floor":1.0,"key":"SneckoOil"},{"floor":2.0,"key":"LiquidBronze"},{"floor":6.0,"key":"FearPotion"},{"floor":7.0,"key":"Ancient Potion"},{"floor":12.0,"key":"Swift Potion"},{"floor":14.0,"key":"Weak Potion"},{"floor":16.0,"key":"AttackPotion"},{"floor":18.0,"key":"HeartOfIron"},{"floor":19.0,"key":"BlessingOfTheForge"},{"floor":20.0,"key":"AttackPotion"},{"floor":21.0,"key":"AttackPotion"},{"floor":24.0,"key":"AttackPotion"},{"floor":27.0,"key":"SkillPotion"},{"floor":28.0,"key":"ElixirPotion"},{"floor":29.0,"key":"Explosive Potion"},{"floor":30.0,"key":"Explosive Potion"},{"floor":33.0,"key":"FearPotion"},{"floor":35.0,"key":"LiquidMemories"},{"floor":36.0,"key":"BloodPotion"},{"floor":37.0,"key":"EssenceOfSteel"},{"floor":41.0,"key":"Regen Potion"},{"floor":47.0,"key":"AttackPotion"}],"is_trial":false,"path_per_floor":["M","M","M","M","M","E","M","R","T","R","$","E","T","E","R","B",null,"M","M","M","M","?","R","E","R","T","M","E","M","E","$","R","B",null,"M","M","M","$","T","R","M","$","T","?","$","M","E","T","R","B",null],"character_chosen":"IRONCLAD","items_purchased":["Omamori","Chemical X","Immolate"],"campfire_rested":0,"item_purchase_floors":[31,31,31],"current_hp_per_floor":[80,80,80,74,67,58,48,48,48,48,48,37,37,43,43,46,80,79,80,80,80,80,80,69,69,79,84,87,90,90,90,90,87,90,90,87,79,79,79,79,90,90,90,90,90,90,90,90,90,75],"gold":40,"neow_bonus":"RANDOM_COMMON_RELIC","is_prod":false,"is_daily":false,"chose_seed":false,"campfire_upgraded":8,"win_rate":0,"timestamp":1598315468,"path_taken":["M","M","M","M","M","E","M","R","T","R","$","E","?","E","R","BOSS","M","M","M","M","?","R","E","R","T","M","E","M","E","$","R","BOSS","M","?","M","$","?","R","M","$","T","?","?","?","E","?","R","BOSS"],"build_version":"2020-07-30","purchased_purges":4,"victory":true,"max_hp_per_floor":[80,80,80,80,80,80,80,80,80,80,80,80,80,80,80,80,80,80,80,80,80,80,80,80,80,90,90,90,90,90,90,90,90,90,90,90,90,90,90,90,90,90,90,90,90,90,90,90,90,90],"card_choices":[{"not_picked":["Burning Pact","Body Slam","Wild Strike"],"picked":"SKIP","floor":1.0},{"not_picked":["Thunderclap","Pommel Strike"],"picked":"Cleave","floor":2.0},{"not_picked":["Clash","Heavy Blade"],"picked":"Cleave","floor":3.0},{"not_picked":["Cleave","Dark Embrace"],"picked":"Power Through","floor":4.0},{"not_picked":["Clash","Blood for Blood"],"picked":"Metallicize","floor":5.0},{"not_picked":["Blood for Blood","Double Tap"],"picked":"Disarm","floor":6.0},{"not_picked":["Sword Boomerang","Clash"],"picked":"Headbutt","floor":7.0},{"not_picked":["Twin Strike","Heavy Blade","Entrench"],"picked":"SKIP","floor":12.0},{"not_picked":["Clash","Heavy Blade","Perfected Strike"],"picked":"SKIP","floor":14.0},{"not_picked":["Corruption","Barricade"],"picked":"Impervious","floor":16.0},{"not_picked":["Cleave","Sword Boomerang+1"],"picked":"Battle Trance+1","floor":18.0},{"not_picked":["Dropkick","Wild Strike"],"picked":"Shrug It Off+1","floor":19.0},{"not_picked":["Metallicize","Combust"],"picked":"Warcry+1","floor":20.0},{"not_picked":["Rage","Pommel Strike"],"picked":"Inflame","floor":21.0},{"not_picked":["Power Through","Heavy Blade"],"picked":"True Grit","floor":24.0},{"not_picked":["Combust","Perfected Strike+1"],"picked":"Flame Barrier+1","floor":27.0},{"not_picked":["Impervious","Shockwave"],"picked":"Carnage+1","floor":28.0},{"not_picked":["Warcry","Thunderclap","Sword Boomerang"],"picked":"SKIP","floor":29.0},{"not_picked":["Anger","Rage"],"picked":"Uppercut","floor":30.0},{"not_picked":["Fiend Fire","Bludgeon"],"picked":"Reaper","floor":33.0},{"not_picked":["Power Through","Perfected Strike","Body Slam+1"],"picked":"SKIP","floor":35.0},{"not_picked":["Headbutt+1","Wild Strike"],"picked":"Whirlwind","floor":36.0},{"not_picked":["Infernal Blade+1","Rupture+1"],"picked":"Metallicize+1","floor":37.0},{"not_picked":["Warcry","Armaments"],"picked":"Disarm+1","floor":41.0},{"not_picked":["Heavy Blade+1","Ghostly Armor","Warcry"],"picked":"SKIP","floor":46.0},{"not_picked":["Heavy Blade+1","Dropkick+1","Armaments+1"],"picked":"SKIP","floor":47.0}],"player_experience":140109,"relics_obtained":[{"floor":6.0,"key":"Smiling Mask"},{"floor":9.0,"key":"Tiny Chest"},{"floor":12.0,"key":"White Beast Statue"},{"floor":13.0,"key":"Mercury Hourglass"},{"floor":14.0,"key":"War Paint"},{"floor":24.0,"key":"Bottled Tornado"},{"floor":26.0,"key":"Pear"},{"floor":28.0,"key":"Frozen Egg 2"},{"floor":30.0,"key":"StoneCalendar"},{"floor":39.0,"key":"Incense Burner"},{"floor":43.0,"key":"Lantern"},{"floor":47.0,"key":"Bottled Lightning"},{"floor":48.0,"key":"Red Skull"}],"event_choices":[{"damage_healed":0.0,"max_hp_gain":0.0,"max_hp_loss":0.0,"gold_gain":0.0,"event_name":"Upgrade Shrine","player_choice":"Upgraded","floor":22.0,"gold_loss":0.0,"damage_taken":0.0,"cards_upgraded":["Inflame"]},{"damage_healed":0.0,"max_hp_gain":0.0,"max_hp_loss":0.0,"gold_gain":0.0,"event_name":"Tomb of Lord Red Mask","player_choice":"Paid","floor":44.0,"gold_loss":97.0,"damage_taken":0.0,"relics_obtained":["Red Mask"]}],"is_beta":false,"boss_relics":[{"not_picked":["Sozu","SlaversCollar"],"picked":"Astrolabe"},{"not_picked":["Pandora\u0027s Box","Coffee Dripper"],"picked":"Velvet Choker"}],"items_purged_floors":[11,31,38,42],"is_endless":false,"potions_floor_spawned":[1,2,6,7,12,14,16,18,19,20,21,24,27,28,29,30,33,35,36,37,41,46,47],"ascension_level":2}