{"gold_per_floor":[114,131,150,168,20,20,20,30,76,107,107,136,25,56,56,160,160,172,172,186,205,220,255,9,41,110,110,127,127,127,145,145,250,250,261,117,117,117,117,152,152,185,255,255,52,69,69,87,87,87,87,87,38,68,68],"floor_reached":55,"playtime":3807,"items_purged":["Strike_R","Defend_R"],"score":905,"play_id":"5e21d82c-698d-4566-8e52-da40b961e77f","local_time":"20200827030047","is_ascension_mode":true,"campfire_choices":[{"data":"True Grit","floor":6.0,"key":"SMITH"},{"data":"Feed","floor":15.0,"key":"SMITH"},{"data":"Demon Form","floor":27.0,"key":"SMITH"},{"data":"Clothesline","floor":32.0,"key":"SMITH"},{"floor":41.0,"key":"REST"},{"floor":49.0,"key":"RECALL"},{"data":"Heavy Blade","floor":52,"key":"SMITH"}],"neow_cost":"NONE","seed_source_timestamp":772632727131395,"circlet_count":0,"master_deck":["Defend_R","Defend_R","Defend_R","Bash","Headbutt","Headbutt+1","True Grit+1","Carnage","Feed+1","Inflame","Demon Form+1","Bite","Bite","Bite","Bite","Bite+1","Ghostly Armor","Inflame","Shrug It Off","Metallicize+1","Clothesline+1","Heavy Blade+1","Intimidate+1","Barricade+1"],"special_seed":0,"relics":["Burning Blood","Bronze Scales","Bag of Marbles","Nunchaku","White Beast Statue","Omamori","Pen Nib","Mark of Pain","Red Skull","Frozen Egg 2","Meat on the Bone","Nloth\u0027s Gift","SacredBark","Sling","Ornamental Fan","Incense Burner","Bag of Preparation","Happy Flower"],"potions_floor_usage":[50,50,54,55],"damage_taken":[{"damage":1.0,"enemies":"Small Slimes","floor":1.0,"turns":4.0},{"damage":1.0,"enemies":"Cultist","floor":2.0,"turns":3.0},{"damage":0.0,"enemies":"2 Louse","floor":3.0,"turns":3.0},{"damage":29.0,"enemies":"Exordium Thugs","floor":4.0,"turns":4.0},{"damage":8.0,"enemies":"Looter","floor":8.0,"turns":3.0},{"damage":12.0,"enemies":"Gremlin Nob","floor":10.0,"turns":4.0},{"damage":21.0,"enemies":"Lagavulin","floor":12.0,"turns":5.0},{"damage":1.0,"enemies":"Gremlin Nob","floor":14.0,"turns":3.0},{"damage":34.0,"enemies":"Slime Boss","floor":16.0,"turns":9.0},{"damage":0.0,"enemies":"Chosen","floor":18.0,"turns":4.0},{"damage":30.0,"enemies":"Shell Parasite","floor":20.0,"turns":4.0},{"damage":16.0,"enemies":"Centurion and Healer","floor":21.0,"turns":6.0},{"damage":31.0,"enemies":"Shelled Parasite and Fungi","floor":22.0,"turns":4.0},{"damage":18.0,"enemies":"Slavers","floor":23.0,"turns":6.0},{"damage":45.0,"enemies":"Book of Stabbing","floor":25.0,"turns":5.0},{"damage":15.0,"enemies":"Snake Plant","floor":28.0,"turns":2.0},{"damage":8.0,"enemies":"3 Cultists","floor":31.0,"turns":4.0},{"damage":64.0,"enemies":"Champ","floor":33.0,"turns":11.0},{"damage":10.0,"enemies":"Orb Walker","floor":35.0,"turns":4.0},{"damage":71.0,"enemies":"Nemesis","floor":40.0,"turns":7.0},{"damage":71.0,"enemies":"Reptomancer","floor":42.0,"turns":7.0},{"damage":44.0,"enemies":"3 Darklings","floor":46.0,"turns":10.0},{"damage":8.0,"enemies":"Spire Growth","floor":48.0,"turns":4.0},{"damage":99,"enemies":"Donu and Deca","floor":50,"turns":8},{"damage":66,"enemies":"Shield and Spear","floor":54,"turns":7},{"damage":62,"enemies":"The Heart","floor":55,"turns":2}],"seed_played":"-1684908989632280551","potions_obtained":[{"floor":2.0,"key":"Strength Potion"},{"floor":7.0,"key":"Weak Potion"},{"floor":7.0,"key":"FairyPotion"},{"floor":7.0,"key":"Explosive Potion"},{"floor":12.0,"key":"DuplicationPotion"},{"floor":14.0,"key":"CultistPotion"},{"floor":16.0,"key":"PowerPotion"},{"floor":18.0,"key":"LiquidMemories"},{"floor":20.0,"key":"Block Potion"},{"floor":21.0,"key":"SneckoOil"},{"floor":22.0,"key":"FairyPotion"},{"floor":23.0,"key":"Fruit Juice"},{"floor":25.0,"key":"Strength Potion"},{"floor":31.0,"key":"CultistPotion"},{"floor":33.0,"key":"PowerPotion"},{"floor":35.0,"key":"LiquidBronze"},{"floor":40.0,"key":"Dexterity Potion"},{"floor":42.0,"key":"GamblersBrew"},{"floor":46.0,"key":"Block Potion"},{"floor":48.0,"key":"BloodPotion"},{"floor":54,"key":"FearPotion"}],"is_trial":false,"path_per_floor":["M","M","M","M","$","R","?","M","T","E","?","E","$","E","R","B",null,"M","?","M","M","M","E","$","E","T","R","M","?","?","M","R","B",null,"M","$","?","?","?","E","R","E","T","?","$","M","?","M","R","B",null,"R","$","E","B"],"character_chosen":"IRONCLAD","items_purchased":["Bag of Marbles","Inflame","Whetstone","Sling","Bag of Preparation","Heavy Blade","Block Potion"],"campfire_rested":1,"item_purchase_floors":[5,13,24,36,45,45,53],"current_hp_per_floor":[80,80,80,57,57,57,57,55,55,49,54,42,42,47,47,23,92,96,67,56,58,49,53,53,24,24,24,33,16,16,35,35,49,97,97,97,97,97,96,60,90,50,50,87,87,68,68,73,73,38,87,87,87,52,0],"gold":68,"neow_bonus":"RANDOM_COMMON_RELIC","is_prod":false,"is_daily":false,"chose_seed":false,"campfire_upgraded":5,"win_rate":0,"timestamp":1598515247,"path_taken":["M","M","M","M","$","R","?","?","T","E","?","E","?","E","R","BOSS","M","?","M","M","M","E","$","E","T","R","M","?","?","?","R","BOSS","M","$","?","?","?","E","R","E","T","?","$","M","?","M","R","BOSS","R","$","E","BOSS"],"build_version":"2020-07-30","purchased_purges":2,"victory":false,"max_hp_per_floor":[80,80,80,80,80,80,80,80,80,80,85,88,88,88,88,92,92,96,67,71,75,79,83,83,88,88,88,88,93,93,93,93,97,97,101,101,101,101,96,100,100,100,100,87,87,87,87,87,87,87,87,87,87,91,91],"card_choices":[{"not_picked":["Twin Strike","Entrench"],"picked":"Headbutt","floor":1.0},{"not_picked":["Havoc","Heavy Blade"],"picked":"Headbutt","floor":2.0},{"not_picked":["Thunderclap","Sword Boomerang","Iron Wave"],"picked":"SKIP","floor":3.0},{"not_picked":["Carnage","Flex"],"picked":"True Grit","floor":4.0},{"not_picked":["Brutality","Sentinel"],"picked":"Carnage","floor":8.0},{"not_picked":["Clothesline","Wild Strike"],"picked":"Feed","floor":10.0},{"not_picked":["Havoc","Dual Wield","Anger"],"picked":"SKIP","floor":12.0},{"not_picked":["Headbutt","Twin Strike","Second Wind"],"picked":"SKIP","floor":14.0},{"not_picked":["Limit Break","Impervious"],"picked":"Demon Form","floor":16.0},{"not_picked":["Headbutt","Twin Strike","Armaments+1"],"picked":"SKIP","floor":18.0},{"not_picked":["Sentinel","Blood for Blood"],"picked":"Ghostly Armor","floor":20.0},{"not_picked":["Pummel","Shockwave"],"picked":"Inflame","floor":21.0},{"not_picked":["Rampage","Body Slam"],"picked":"Shrug It Off","floor":22.0},{"not_picked":["Pommel Strike","Armaments","Twin Strike"],"picked":"SKIP","floor":23.0},{"not_picked":["Armaments+1","Iron Wave"],"picked":"Metallicize+1","floor":25.0},{"not_picked":["Warcry","Sword Boomerang"],"picked":"Clothesline","floor":28.0},{"not_picked":["Dropkick","Double Tap","Bloodletting+1"],"picked":"SKIP","floor":31.0},{"not_picked":["Entrench","Havoc+1","Pummel"],"picked":"SKIP","floor":35.0},{"not_picked":["Exhume","Iron Wave+1","Feed"],"picked":"SKIP","floor":40.0},{"not_picked":["Spot Weakness+1","Offering","Sword Boomerang"],"picked":"SKIP","floor":42.0},{"not_picked":["Inflame+1","Anger+1"],"picked":"Intimidate+1","floor":46.0},{"not_picked":["Perfected Strike+1","Anger+1","Sword Boomerang+1"],"picked":"SKIP","floor":48.0},{"not_picked":["Juggernaut+1","Offering"],"picked":"Barricade+1","floor":54}],"player_experience":189477,"relics_obtained":[{"floor":9.0,"key":"Nunchaku"},{"floor":10.0,"key":"White Beast Statue"},{"floor":12.0,"key":"Omamori"},{"floor":14.0,"key":"Pen Nib"},{"floor":23.0,"key":"Red Skull"},{"floor":25.0,"key":"Frozen Egg 2"},{"floor":26.0,"key":"Meat on the Bone"},{"floor":40.0,"key":"Ornamental Fan"},{"floor":42.0,"key":"Incense Burner"},{"floor":54,"key":"Happy Flower"}],"event_choices":[{"damage_healed":0.0,"max_hp_gain":0.0,"max_hp_loss":0.0,"gold_gain":0.0,"event_name":"Lab","player_choice":"Got Potions","floor":7.0,"gold_loss":0.0,"damage_taken":0.0},{"damage_healed":0.0,"max_hp_gain":5.0,"max_hp_loss":0.0,"gold_gain":0.0,"event_name":"Big Fish","player_choice":"Donut","floor":11.0,"gold_loss":0.0,"damage_taken":0.0},{"damage_healed":0.0,"max_hp_gain":0.0,"max_hp_loss":29.0,"gold_gain":0.0,"event_name":"Vampires","player_choice":"Became a vampire","floor":19.0,"gold_loss":0.0,"damage_taken":0.0,"cards_obtained":["Bite","Bite","Bite","Bite","Bite"]},{"damage_healed":0.0,"max_hp_gain":5.0,"max_hp_loss":0.0,"gold_gain":0.0,"event_name":"Forgotten Altar","player_choice":"Shed Blood","floor":29.0,"gold_loss":0.0,"damage_taken":22.0},{"damage_healed":0.0,"max_hp_gain":0.0,"max_hp_loss":0.0,"gold_gain":0.0,"event_name":"N\u0027loth","player_choice":"Traded Relic","floor":30.0,"relics_lost":["Whetstone"],"gold_loss":0.0,"damage_taken":0.0,"relics_obtained":["Nloth\u0027s Gift"]},{"damage_healed":0.0,"max_hp_gain":0.0,"max_hp_loss":0.0,"gold_gain":0.0,"event_name":"Mysterious Sphere","player_choice":"Ignored","floor":37.0,"gold_loss":0.0,"damage_taken":0.0},{"damage_healed":0.0,"max_hp_gain":0.0,"max_hp_loss":0.0,"gold_gain":0.0,"event_name":"Tomb of Lord Red Mask","player_choice":"Ignored","floor":38.0,"gold_loss":0.0,"damage_taken":0.0},{"damage_healed":0.0,"max_hp_gain":0.0,"max_hp_loss":5.0,"gold_gain":0.0,"event_name":"Winding Halls","player_choice":"Max HP","floor":39.0,"gold_loss":0.0,"damage_taken":0.0},{"damage_healed":87.0,"max_hp_gain":0.0,"max_hp_loss":13.0,"gold_gain":0.0,"event_name":"The Moai Head","player_choice":"Heal","floor":44.0,"gold_loss":0.0,"damage_taken":0.0},{"damage_healed":0.0,"max_hp_gain":0.0,"max_hp_loss":0.0,"gold_gain":0.0,"event_name":"SensoryStone","player_choice":"Memory 1","floor":47.0,"gold_loss":0.0,"damage_taken":0.0}],"is_beta":false,"boss_relics":[{"not_picked":["Runic Dome","Runic Cube"],"picked":"Mark of Pain"},{"not_picked":["Tiny House","Empty Cage"],"picked":"SacredBark"}],"items_purged_floors":[13,24],"is_endless":false,"potions_floor_spawned":[2,8,12,14,16,18,20,21,22,23,25,28,31,33,35,40,42,46,48,54],"killed_by":"The Heart","ascension_level":4}