{"gold_per_floor":[111,111,128,10,21,21,52,52,52,65,81,81,111,130,130,201,201,218,218,268,245,245],"floor_reached":22,"playtime":1916,"items_purged":["Regret"],"score":392,"play_id":"288936dd-5d4d-45d8-be86-4dec9f5aa349","local_time":"20211020173659","is_ascension_mode":true,"campfire_choices":[{"data":"Pommel Strike","floor":6.0,"key":"SMITH"},{"data":"Armaments","floor":8.0,"key":"SMITH"},{"data":"Evolve","floor":12.0,"key":"SMITH"},{"data":"Bash","floor":15.0,"key":"SMITH"}],"neow_cost":"NONE","seed_source_timestamp":316972971751391,"circlet_count":0,"master_deck":["AscendersBane","Strike_R","Strike_R","Strike_R","Strike_R","Defend_R","Defend_R","Defend_R","Defend_R","Bash+1","Evolve+1","Reckless Charge","Pommel Strike+1","Whirlwind","Bludgeon","Armaments+1","Hemokinesis","Spot Weakness","Flame Barrier","Limit Break","CurseOfTheBell","True Grit+1","Pommel Strike+1"],"special_seed":0,"relics":["Burning Blood","InkBottle","Pear","HornCleat","Calling Bell","Nunchaku","Pantograph","Ginger"],"potions_floor_usage":[21],"damage_taken":[{"damage":18.0,"enemies":"Small Slimes","floor":1.0,"turns":5.0},{"damage":2.0,"enemies":"2 Louse","floor":3.0,"turns":2.0},{"damage":0.0,"enemies":"Cultist","floor":5.0,"turns":3.0},{"damage":8.0,"enemies":"Gremlin Nob","floor":7.0,"turns":3.0},{"damage":13.0,"enemies":"Blue Slaver","floor":10.0,"turns":3.0},{"damage":16.0,"enemies":"Exordium Wildlife","floor":11.0,"turns":6.0},{"damage":32.0,"enemies":"3 Sentries","floor":13.0,"turns":5.0},{"damage":7.0,"enemies":"Large Slime","floor":14.0,"turns":6.0},{"damage":11.0,"enemies":"Slime Boss","floor":16.0,"turns":7.0},{"damage":21.0,"enemies":"Chosen","floor":18.0,"turns":6.0},{"damage":24,"enemies":"2 Thieves","floor":21,"turns":4},{"damage":1,"enemies":"Snake Plant","floor":22,"turns":3}],"seed_played":"7951820554110436037","potions_obtained":[{"floor":1.0,"key":"AttackPotion"},{"floor":3.0,"key":"FearPotion"},{"floor":5.0,"key":"Regen Potion"},{"floor":11.0,"key":"FearPotion"},{"floor":16.0,"key":"Regen Potion"},{"floor":21,"key":"Fire Potion"}],"is_trial":false,"path_per_floor":["M","?","M","$","M","R","E","R","T","M","M","R","E","M","R","B",null,"M","?","?","M","M"],"character_chosen":"IRONCLAD","items_purchased":["Whirlwind"],"campfire_rested":0,"item_purchase_floors":[4],"current_hp_per_floor":[56,56,60,60,66,66,74,74,74,67,57,57,45,44,44,39,74,59,34,34,30,29],"gold":245,"neow_bonus":"TRANSFORM_CARD","is_prod":false,"is_daily":false,"chose_seed":false,"campfire_upgraded":4,"win_rate":0,"timestamp":1634776619,"path_taken":["M","?","M","$","M","R","E","R","T","M","M","R","E","M","R","BOSS","M","?","?","M","?"],"build_version":"2020-12-22","purchased_purges":1,"victory":false,"max_hp_per_floor":[75,75,75,75,75,75,85,85,85,85,85,85,85,85,85,85,85,85,90,90,90,90],"relic_stats":{"Nunchaku":[1],"counters":[12,53],"Pantograph":0,"Ginger":[5],"obtain_stats":[{"Calling Bell":17,"Nunchaku":17,"Pear":7,"HornCleat":13,"Pantograph":17,"Ginger":17,"Burning Blood":0,"InkBottle":2},{"Calling Bell":9,"Nunchaku":9,"Pear":4,"HornCleat":7,"Pantograph":9,"Ginger":9,"Burning Blood":0,"InkBottle":1},{"Calling Bell":40,"Nunchaku":40,"Pear":13,"HornCleat":27,"Pantograph":40,"Ginger":40,"Burning Blood":0,"InkBottle":5}],"Burning Blood":66,"InkBottle":[12]},"card_choices":[{"not_picked":["Armaments","Disarm"],"picked":"Reckless Charge","floor":1.0},{"not_picked":["Flex","Havoc"],"picked":"Pommel Strike","floor":3.0},{"not_picked":["Twin Strike","Warcry"],"picked":"Bludgeon","floor":5.0},{"not_picked":["Pummel","Warcry"],"picked":"Armaments","floor":7.0},{"not_picked":["Evolve","Anger"],"picked":"Hemokinesis","floor":10.0},{"not_picked":["Pummel","Burning Pact"],"picked":"Spot Weakness","floor":11.0},{"not_picked":["Warcry","Infernal Blade"],"picked":"Flame Barrier","floor":13.0},{"not_picked":["Twin Strike","Havoc","Anger"],"picked":"SKIP","floor":14.0},{"not_picked":["Double Tap","Berserk"],"picked":"Limit Break","floor":16.0},{"not_picked":["Clash+1","Shrug It Off"],"picked":"True Grit+1","floor":18.0},{"not_picked":["Anger","Havoc"],"picked":"Pommel Strike+1","floor":21}],"player_experience":684309,"relics_obtained":[{"floor":7.0,"key":"Pear"},{"floor":13.0,"key":"HornCleat"},{"floor":17.0,"key":"Nunchaku"},{"floor":17.0,"key":"Pantograph"},{"floor":17.0,"key":"Ginger"}],"event_choices":[{"damage_healed":0.0,"max_hp_gain":0.0,"max_hp_loss":0.0,"gold_gain":0.0,"event_name":"Big Fish","player_choice":"Box","floor":2.0,"gold_loss":0.0,"damage_taken":0.0,"relics_obtained":["InkBottle"],"cards_obtained":["Regret"]},{"damage_healed":0.0,"max_hp_gain":5.0,"max_hp_loss":0.0,"gold_gain":0.0,"event_name":"Forgotten Altar","player_choice":"Shed Blood","floor":19.0,"gold_loss":0.0,"damage_taken":30.0},{"damage_healed":0.0,"max_hp_gain":0.0,"max_hp_loss":0.0,"gold_gain":50.0,"event_name":"Golden Shrine","player_choice":"Pray","floor":20.0,"gold_loss":0.0,"damage_taken":0.0}],"is_beta":false,"boss_relics":[{"not_picked":["Busted Crown","Empty Cage"],"picked":"Calling Bell"}],"items_purged_floors":[4],"is_endless":false,"potions_floor_spawned":[1,3,5,11,16,21],"killed_by":"Snake Plant","ascension_level":20}