{"gold_per_floor":[211,81,81,81,94,129,179,197,221,231,231,244,270,285,285,285],"floor_reached":16,"playtime":1746,"items_purged":["Strike_R"],"score":224,"play_id":"cc2e8374-35ae-4dec-9e65-50a5d7de6c6a","local_time":"20220412150750","is_ascension_mode":true,"campfire_choices":[{"data":"Wild Strike","floor":11,"key":"SMITH"},{"data":"Dark Embrace","floor":15,"key":"SMITH"}],"neow_cost":"NONE","seed_source_timestamp":351240946365574,"circlet_count":0,"master_deck":["AscendersBane","Strike_R","Strike_R","Strike_R","Strike_R","Defend_R","Defend_R","Defend_R","Defend_R","Bash","Cleave","Anger","Wild Strike+1","Shrug It Off","Carnage","Intimidate","Twin Strike","Pommel Strike","Dark Embrace+1"],"relics":["Burning Blood","Blood Vial","Mercury Hourglass","Nunchaku","InkBottle"],"potions_floor_usage":[6,16],"damage_taken":[{"damage":18,"enemies":"Jaw Worm","floor":1,"turns":6},{"damage":4,"enemies":"2 Louse","floor":5,"turns":2},{"damage":37,"enemies":"Lagavulin","floor":6,"turns":8},{"damage":1,"enemies":"Cultist","floor":8,"turns":3},{"damage":6,"enemies":"Looter","floor":10,"turns":2},{"damage":16,"enemies":"Gremlin Gang","floor":12,"turns":4},{"damage":8,"enemies":"Gremlin Nob","floor":13,"turns":3},{"damage":12,"enemies":"Exordium Thugs","floor":14,"turns":5},{"damage":27,"enemies":"The Guardian","floor":16,"turns":8}],"seed_played":"-5271410599051506525","potions_obtained":[{"floor":1,"key":"Weak Potion"},{"floor":10,"key":"LiquidMemories"},{"floor":12,"key":"Ancient Potion"}],"is_trial":false,"path_per_floor":["M","$","?","?","M","E","?","M","T","M","R","M","E","M","R","B"],"character_chosen":"IRONCLAD","items_purchased":["Anger"],"campfire_rested":0,"item_purchase_floors":[2],"current_hp_per_floor":[56,56,51,51,55,26,26,33,33,35,35,27,27,23,23,0],"gold":285,"neow_bonus":"HUNDRED_GOLD","is_prod":false,"is_daily":false,"chose_seed":false,"campfire_upgraded":2,"win_rate":0,"timestamp":1649801270,"path_taken":["M","$","?","?","M","E","?","?","T","M","R","M","E","M","R","BOSS"],"build_version":"2022-03-07","purchased_purges":1,"victory":false,"max_hp_per_floor":[75,75,75,75,75,75,75,75,75,75,75,75,75,75,75,75],"relic_stats":{"Blood Vial":16,"Nunchaku":[3],"counters":[9,41],"obtain_stats":[{"Blood Vial":3,"Nunchaku":9,"Burning Blood":0,"InkBottle":13,"Mercury Hourglass":6},{"Blood Vial":1,"Nunchaku":4,"Burning Blood":0,"InkBottle":7,"Mercury Hourglass":3},{"Blood Vial":6,"Nunchaku":19,"Burning Blood":0,"InkBottle":28,"Mercury Hourglass":16}],"Burning Blood":48,"InkBottle":[3],"Mercury Hourglass":[93]},"card_choices":[{"not_picked":["Intimidate","Rupture"],"picked":"Cleave","floor":1},{"not_picked":["Iron Wave","Cleave"],"picked":"Wild Strike","floor":5},{"not_picked":["Juggernaut","Blood for Blood"],"picked":"Shrug It Off","floor":6},{"not_picked":["Clothesline","Dropkick"],"picked":"Carnage","floor":8},{"not_picked":["Sword Boomerang","Dropkick"],"picked":"Intimidate","floor":10},{"not_picked":["Warcry","Rupture"],"picked":"Twin Strike","floor":12},{"not_picked":["Intimidate","Havoc"],"picked":"Pommel Strike","floor":13},{"not_picked":["Body Slam","Ghostly Armor"],"picked":"Dark Embrace","floor":14}],"player_experience":746024,"relics_obtained":[{"floor":6,"key":"Mercury Hourglass"},{"floor":9,"key":"Nunchaku"},{"floor":13,"key":"InkBottle"}],"event_choices":[{"damage_healed":0,"gold_gain":0,"player_choice":"Success","damage_taken":5,"relics_obtained":["Blood Vial"],"max_hp_gain":0,"max_hp_loss":0,"event_name":"Scrap Ooze","floor":3,"gold_loss":0},{"damage_healed":0,"gold_gain":0,"player_choice":"Ignored","damage_taken":0,"max_hp_gain":0,"max_hp_loss":0,"event_name":"Liars Game","floor":4,"gold_loss":0},{"damage_healed":0,"gold_gain":50,"player_choice":"Pray","damage_taken":0,"max_hp_gain":0,"max_hp_loss":0,"event_name":"Golden Shrine","floor":7,"gold_loss":0}],"is_beta":false,"boss_relics":[],"items_purged_floors":[2],"is_endless":false,"potions_floor_spawned":[1,10,12,13],"killed_by":"The Guardian","ascension_level":20}