{"gold_per_floor":[109,284,284,22,75,101,5,24,24,24,49,68,93,110,110,209,209,220,240,240],"floor_reached":20,"playtime":515,"items_purged":["Doubt"],"score":217,"play_id":"d097d7c0-0fd5-4615-aa23-d636ebd476f7","local_time":"20220415053702","is_ascension_mode":false,"campfire_choices":[{"data":"Bash","floor":10,"key":"SMITH"},{"data":"Shockwave","floor":15,"key":"SMITH"}],"neow_cost":"NONE","seed_source_timestamp":492335110508840,"circlet_count":0,"master_deck":["Strike_R","Strike_R","Strike_R","Strike_R","Strike_R","Defend_R+1","Defend_R","Defend_R","Defend_R","Bash+1","Disarm+1","Shrug It Off","Spot Weakness","Shockwave+1","Shrug It Off","Demon Form","Heavy Blade"],"relics":["Burning Blood","NeowsBlessing","Membership Card","Pen Nib","Toy Ornithopter","Kunai","Lantern","Mercury Hourglass","Darkstone Periapt","PreservedInsect","Runic Pyramid"],"potions_floor_usage":[],"damage_taken":[{"damage":0,"enemies":"2 Louse","floor":1,"turns":1},{"damage":0,"enemies":"3 Sentries","floor":6,"turns":1},{"damage":0,"enemies":"Jaw Worm","floor":8,"turns":1},{"damage":30,"enemies":"Lagavulin","floor":11,"turns":8},{"damage":0,"enemies":"Small Slimes","floor":12,"turns":3},{"damage":30,"enemies":"Gremlin Nob","floor":13,"turns":5},{"damage":3,"enemies":"Gremlin Gang","floor":14,"turns":4},{"damage":11,"enemies":"The Guardian","floor":16,"turns":11},{"damage":31,"enemies":"Spheric Guardian","floor":18,"turns":6},{"damage":15,"enemies":"Chosen","floor":19,"turns":5},{"damage":10,"enemies":"Shelled Parasite and Fungi","floor":20,"turns":4}],"seed_played":"-8105625725441886440","potions_obtained":[{"floor":8,"key":"Dexterity Potion"},{"floor":12,"key":"LiquidMemories"},{"floor":14,"key":"Weak Potion"},{"floor":16,"key":"PowerPotion"}],"is_trial":false,"path_per_floor":["M","?","?","$","T","E","?","M","T","R","E","M","E","M","R","B",null,"M","M","M"],"character_chosen":"IRONCLAD","items_purchased":["Membership Card","Pen Nib"],"campfire_rested":0,"item_purchase_floors":[4,4],"current_hp_per_floor":[80,80,64,64,64,70,70,76,76,76,52,58,34,37,37,32,80,55,46,36],"gold":240,"neow_bonus":"THREE_ENEMY_KILL","is_prod":false,"is_daily":false,"chose_seed":false,"campfire_upgraded":2,"win_rate":0,"timestamp":1650019022,"path_taken":["M","?","?","$","?","E","?","M","T","R","E","M","E","?","R","BOSS","M","M","?"],"build_version":"2022-03-07","purchased_purges":1,"victory":false,"max_hp_per_floor":[80,80,80,80,80,80,80,80,80,80,80,80,80,80,80,80,80,80,80,80],"card_choices":[{"not_picked":["Wild Strike","Seeing Red"],"picked":"Disarm","floor":1},{"not_picked":["Intimidate","Exhume"],"picked":"Shrug It Off","floor":6},{"not_picked":["Sword Boomerang","Thunderclap","Seeing Red"],"picked":"SKIP","floor":8},{"not_picked":["Clash","Sword Boomerang"],"picked":"Spot Weakness","floor":11},{"not_picked":["Thunderclap","Fire Breathing"],"picked":"Shockwave","floor":12},{"not_picked":["Berserk","Clothesline"],"picked":"Shrug It Off","floor":13},{"not_picked":["Clash","Thunderclap","Anger"],"picked":"SKIP","floor":14},{"not_picked":["Feed","Offering"],"picked":"Demon Form","floor":16},{"not_picked":["Perfected Strike","Metallicize","Headbutt"],"picked":"SKIP","floor":18},{"not_picked":["Metallicize","Havoc"],"picked":"Heavy Blade","floor":19}],"player_experience":790619,"relics_obtained":[{"floor":5,"key":"Toy Ornithopter"},{"floor":6,"key":"Kunai"},{"floor":9,"key":"Mercury Hourglass"},{"floor":11,"key":"Darkstone Periapt"},{"floor":13,"key":"PreservedInsect"}],"event_choices":[{"damage_healed":0,"gold_gain":175,"player_choice":"AGREE","damage_taken":0,"max_hp_gain":0,"max_hp_loss":0,"event_name":"Liars Game","floor":2,"gold_loss":0,"cards_obtained":["Doubt"]},{"damage_healed":0,"gold_gain":0,"player_choice":"Entered Light","damage_taken":16,"max_hp_gain":0,"max_hp_loss":0,"event_name":"Shining Light","floor":3,"gold_loss":0,"cards_upgraded":["Disarm","Defend_R"]},{"damage_healed":0,"gold_gain":0,"player_choice":"Paid Gold","damage_taken":0,"relics_obtained":["Lantern"],"max_hp_gain":0,"max_hp_loss":0,"event_name":"WeMeetAgain","floor":7,"gold_loss":96}],"is_beta":false,"boss_relics":[{"not_picked":["Black Blood","Ectoplasm"],"picked":"Runic Pyramid"}],"items_purged_floors":[4],"is_endless":false,"potions_floor_spawned":[8,12,14,16],"killed_by":"Shelled Parasite and Fungi","ascension_level":0}