{"gold_per_floor":[112,127,138,27,46,46,46,63,63,94,106,6,18,30,30,30],"floor_reached":16,"playtime":636,"items_purged":["Strike_R","Strike_R"],"score":106,"play_id":"613e3f98-919f-4c01-b914-aa9021515009","local_time":"20220415122745","is_ascension_mode":false,"campfire_choices":[{"data":"Bash","floor":6.0,"key":"SMITH"},{"data":"True Grit","floor":15,"key":"SMITH"}],"neow_cost":"NONE","seed_source_timestamp":515033743958313,"circlet_count":0,"master_deck":["Strike_R","Strike_R","Strike_R","Defend_R","Defend_R","Defend_R","Defend_R","Bash+1","Ghostly Armor","Pommel Strike","Dropkick","Feel No Pain","Bloodletting","Seeing Red","True Grit+1"],"special_seed":0,"relics":["Burning Blood","NeowsBlessing","Strawberry","Anchor"],"potions_floor_usage":[10,16],"damage_taken":[{"damage":0.0,"enemies":"Small Slimes","floor":1.0,"turns":1.0},{"damage":0.0,"enemies":"Cultist","floor":2.0,"turns":1.0},{"damage":0.0,"enemies":"Jaw Worm","floor":3.0,"turns":1.0},{"damage":5.0,"enemies":"2 Fungi Beasts","floor":5.0,"turns":4.0},{"damage":0.0,"enemies":"Gremlin Gang","floor":8.0,"turns":2.0},{"damage":21,"enemies":"Lagavulin","floor":10,"turns":5},{"damage":3,"enemies":"Red Slaver","floor":11,"turns":2},{"damage":9,"enemies":"Blue Slaver","floor":13,"turns":4},{"damage":0,"enemies":"Exordium Wildlife","floor":14,"turns":3},{"damage":75,"enemies":"Slime Boss","floor":16,"turns":15}],"seed_played":"7624375073158250441","potions_obtained":[{"floor":1.0,"key":"BlessingOfTheForge"},{"floor":2.0,"key":"Explosive Potion"},{"floor":8.0,"key":"SkillPotion"}],"is_trial":false,"path_per_floor":["M","M","M","$","M","R","?","M","T","E","M","$","M","M","R","B"],"character_chosen":"IRONCLAD","items_purchased":["Feel No Pain"],"campfire_rested":0,"item_purchase_floors":[4],"current_hp_per_floor":[80,80,80,80,80,80,72,78,85,70,73,73,70,76,76,1],"gold":30,"neow_bonus":"THREE_ENEMY_KILL","is_prod":false,"is_daily":false,"chose_seed":false,"campfire_upgraded":2,"win_rate":0,"timestamp":1650043665,"path_taken":["M","M","M","$","M","R","?","M","T","E","M","$","?","M","R","BOSS"],"build_version":"2022-03-07","purchased_purges":2,"victory":false,"max_hp_per_floor":[80,80,80,80,80,80,80,80,87,87,87,87,87,87,87,87],"card_choices":[{"not_picked":["Hemokinesis","Rupture"],"picked":"Ghostly Armor","floor":1.0},{"not_picked":["Intimidate","Warcry"],"picked":"Pommel Strike","floor":2.0},{"not_picked":["Burning Pact","Havoc"],"picked":"Dropkick","floor":3.0},{"not_picked":["Anger","Havoc"],"picked":"Bloodletting","floor":5.0},{"not_picked":["Sword Boomerang","Power Through","Shrug It Off"],"picked":"SKIP","floor":8.0},{"not_picked":["Iron Wave","Heavy Blade"],"picked":"Seeing Red","floor":10},{"not_picked":["Sword Boomerang","Combust","Hemokinesis"],"picked":"SKIP","floor":11},{"not_picked":["Clash","Pommel Strike","Heavy Blade"],"picked":"SKIP","floor":13},{"not_picked":["Power Through","Flex"],"picked":"True Grit","floor":14}],"player_experience":792696,"relics_obtained":[{"floor":9.0,"key":"Strawberry"},{"floor":10,"key":"Anchor"}],"event_choices":[{"damage_healed":0.0,"max_hp_gain":0.0,"max_hp_loss":0.0,"gold_gain":0.0,"event_name":"Wheel of Change","player_choice":"Damaged","floor":7.0,"gold_loss":0.0,"damage_taken":8.0}],"is_beta":false,"boss_relics":[],"items_purged_floors":[4,12],"is_endless":false,"potions_floor_spawned":[1,2,8],"killed_by":"Slime Boss","ascension_level":0}