{"gold_per_floor":[119,135,60,71,71,71,130,149,175,208,208,220,220,248,248,350,350,350,350,364,364,378,403,403,416,416,431,188,212,55,74,74,174,174,193,49,59,59,76,107,107,136,136,136,136,86,86,86,86,86],"floor_reached":51,"playtime":1112,"items_purged":["Strike_R","Strike_R+1","Strike_R+1"],"score":783,"play_id":"9c0f48ad-3abb-4fab-9062-58b52e1fd32b","local_time":"20220415060321","is_ascension_mode":false,"campfire_choices":[{"data":"Whirlwind","floor":6.0,"key":"SMITH"},{"data":"Immolate","floor":15.0,"key":"SMITH"},{"data":"Pommel Strike","floor":32.0,"key":"SMITH"},{"data":"Bash","floor":44.0,"key":"SMITH"},{"data":"Twin Strike","floor":45.0,"key":"SMITH"},{"data":"Shrug It Off","floor":47.0,"key":"SMITH"},{"floor":49.0,"key":"REST"}],"neow_cost":"NONE","seed_source_timestamp":493211763616774,"circlet_count":0,"master_deck":["Strike_R+1","Defend_R+1","Defend_R+1","Defend_R+1","Defend_R+1","Bash+1","Whirlwind+1","Immolate+1","Pommel Strike+1","Twin Strike+1","Immolate+1","Flame Barrier+1","Whirlwind+1"],"special_seed":0,"relics":["Burning Blood","NeowsBlessing","Centennial Puzzle","Toy Ornithopter","Meat on the Bone","Regal Pillow","Blood Vial","Sozu","MutagenicStrength","Lantern","Lizard Tail","Chemical X","Oddly Smooth Stone","Akabeko","SlaversCollar","DollysMirror","WingedGreaves","Mummified Hand","Smiling Mask"],"potions_floor_usage":[50],"damage_taken":[{"damage":0.0,"enemies":"Cultist","floor":1.0,"turns":1.0},{"damage":0.0,"enemies":"2 Louse","floor":2.0,"turns":1.0},{"damage":0.0,"enemies":"Jaw Worm","floor":4.0,"turns":1.0},{"damage":20.0,"enemies":"Gremlin Nob","floor":7.0,"turns":4.0},{"damage":1.0,"enemies":"Exordium Wildlife","floor":8.0,"turns":2.0},{"damage":20.0,"enemies":"Gremlin Nob","floor":10.0,"turns":4.0},{"damage":4.0,"enemies":"Blue Slaver","floor":12.0,"turns":3.0},{"damage":30.0,"enemies":"Lagavulin","floor":14.0,"turns":5.0},{"damage":29.0,"enemies":"Slime Boss","floor":16.0,"turns":8.0},{"damage":0.0,"enemies":"2 Thieves","floor":18.0,"turns":1.0},{"damage":2.0,"enemies":"Spheric Guardian","floor":20.0,"turns":3.0},{"damage":14.0,"enemies":"Shelled Parasite and Fungi","floor":22.0,"turns":5.0},{"damage":0.0,"enemies":"Gremlin Leader","floor":23.0,"turns":4.0},{"damage":0.0,"enemies":"Chosen and Byrds","floor":25.0,"turns":2.0},{"damage":10.0,"enemies":"Cultist and Chosen","floor":27.0,"turns":2.0},{"damage":0.0,"enemies":"Centurion and Healer","floor":31.0,"turns":3.0},{"damage":40.0,"enemies":"Automaton","floor":33.0,"turns":10.0},{"damage":0.0,"enemies":"3 Shapes","floor":35.0,"turns":1.0},{"damage":0.0,"enemies":"Orb Walker","floor":37.0,"turns":2.0},{"damage":9.0,"enemies":"Spire Growth","floor":39.0,"turns":3.0},{"damage":35.0,"enemies":"Nemesis","floor":40.0,"turns":7.0},{"damage":15.0,"enemies":"Giant Head","floor":42.0,"turns":6.0},{"damage":78,"enemies":"Awakened One","floor":50,"turns":11}],"seed_played":"4675695272876182007","potions_obtained":[{"floor":1.0,"key":"Fire Potion"},{"floor":4.0,"key":"SmokeBomb"},{"floor":7.0,"key":"Explosive Potion"},{"floor":16.0,"key":"LiquidMemories"}],"is_trial":false,"path_per_floor":["M","M","$","M","?","R","?","M","T","E","?","M","?","E","R","B",null,"M","?","M","?","M","E","?","M","T","M","$","T","$","M","R","B",null,"M","$","M","?","M","E","?","E","T","R","R","$","R","?","R","B",null],"character_chosen":"IRONCLAD","items_purchased":["Chemical X","Akabeko","DollysMirror"],"campfire_rested":1,"item_purchase_floors":[28,30,36],"current_hp_per_floor":[80,80,80,80,64,64,50,55,55,41,41,55,52,40,40,31,80,80,80,80,80,72,80,80,80,80,76,76,76,76,80,80,58,80,80,80,80,80,77,50,50,48,48,48,48,48,48,48,76,56],"gold":86,"neow_bonus":"THREE_ENEMY_KILL","is_prod":false,"is_daily":false,"chose_seed":false,"campfire_upgraded":6,"win_rate":0,"timestamp":1650020601,"path_taken":["M","M","?","M","?","R","?","?","T","E","?","M","?","E","R","BOSS","M","?","M","?","M","E","?","?","T","M","?","?","$","M","R","BOSS","M","$","M","?","?","E","?","E","T","R","R","$","R","?","R","BOSS"],"build_version":"2022-03-07","purchased_purges":3,"victory":true,"max_hp_per_floor":[80,80,80,80,80,80,80,80,80,80,80,80,80,80,80,80,80,80,80,80,80,80,80,80,80,80,80,80,80,80,80,80,80,80,80,80,80,80,80,80,76,76,76,76,76,76,76,76,76,76],"card_choices":[{"not_picked":["Cleave","Intimidate"],"picked":"Whirlwind","floor":1.0},{"not_picked":["Entrench","Havoc","Body Slam"],"picked":"SKIP","floor":2.0},{"not_picked":["Pummel","Blood for Blood"],"picked":"Shrug It Off","floor":4.0},{"not_picked":["Rampage","Sever Soul","Shrug It Off"],"picked":"SKIP","floor":8.0},{"not_picked":["Uppercut","Corruption"],"picked":"Immolate","floor":10.0},{"not_picked":["Rupture","Uppercut"],"picked":"Pommel Strike","floor":12.0},{"not_picked":["Metallicize","Bludgeon"],"picked":"Twin Strike","floor":14.0},{"not_picked":["Feed","Offering"],"picked":"Immolate","floor":16.0},{"not_picked":["Fire Breathing","Hemokinesis"],"picked":"Flame Barrier+1","floor":20.0},{"not_picked":["Sword Boomerang","Flex","Bloodletting"],"picked":"SKIP","floor":22.0},{"not_picked":["Heavy Blade","Flex","Wild Strike"],"picked":"SKIP","floor":23.0},{"not_picked":["Headbutt","Sentinel","Carnage"],"picked":"SKIP","floor":25.0},{"not_picked":["Shrug It Off","Exhume","Anger"],"picked":"SKIP","floor":27.0},{"not_picked":["Flex","Havoc","Combust+1"],"picked":"SKIP","floor":31.0},{"not_picked":["Armaments","Warcry","Wild Strike"],"picked":"SKIP","floor":35.0},{"not_picked":["Shockwave","Uppercut","Flex"],"picked":"SKIP","floor":37.0},{"not_picked":["Bloodletting","Sentinel","Combust"],"picked":"SKIP","floor":39.0},{"not_picked":["Thunderclap+1","Wild Strike+1","Reckless Charge"],"picked":"SKIP","floor":40.0},{"not_picked":["Blood for Blood","Perfected Strike","Thunderclap+1"],"picked":"SKIP","floor":42.0}],"player_experience":791394,"relics_obtained":[{"floor":7.0,"key":"Centennial Puzzle"},{"floor":9.0,"key":"Toy Ornithopter"},{"floor":10.0,"key":"Meat on the Bone"},{"floor":14.0,"key":"Blood Vial"},{"floor":23.0,"key":"Lantern"},{"floor":26.0,"key":"Lizard Tail"},{"floor":29.0,"key":"Oddly Smooth Stone"},{"floor":40.0,"key":"WingedGreaves"},{"floor":42.0,"key":"Mummified Hand"},{"floor":43.0,"key":"Smiling Mask"}],"event_choices":[{"damage_healed":0.0,"max_hp_gain":0.0,"max_hp_loss":0.0,"gold_gain":0.0,"event_name":"Shining Light","player_choice":"Entered Light","floor":5.0,"gold_loss":0.0,"damage_taken":16.0,"cards_upgraded":["Defend_R","Defend_R"]},{"damage_healed":0.0,"max_hp_gain":0.0,"max_hp_loss":0.0,"gold_gain":30.0,"event_name":"Dead Adventurer","player_choice":"Searched \u00272\u0027 times","floor":7.0,"gold_loss":0.0,"damage_taken":0.0},{"cards_removed":["Strike_R"],"damage_healed":0.0,"max_hp_gain":0.0,"max_hp_loss":0.0,"gold_gain":0.0,"event_name":"Living Wall","player_choice":"Forget","floor":11.0,"gold_loss":0.0,"damage_taken":0.0},{"damage_healed":0.0,"max_hp_gain":0.0,"max_hp_loss":0.0,"gold_gain":0.0,"event_name":"Scrap Ooze","player_choice":"Success","floor":13.0,"gold_loss":0.0,"damage_taken":3.0,"relics_obtained":["Regal Pillow"]},{"damage_healed":0.0,"max_hp_gain":0.0,"max_hp_loss":0.0,"gold_gain":0.0,"event_name":"Back to Basics","player_choice":"Simplicity","floor":19.0,"gold_loss":0.0,"damage_taken":0.0,"cards_upgraded":["Strike_R","Strike_R","Strike_R","Defend_R","Defend_R"]},{"damage_healed":0.0,"max_hp_gain":0.0,"max_hp_loss":0.0,"gold_gain":0.0,"event_name":"Drug Dealer","player_choice":"Inject Mutagens","floor":21.0,"gold_loss":0.0,"damage_taken":0.0,"relics_obtained":["MutagenicStrength"]},{"damage_healed":0.0,"max_hp_gain":0.0,"max_hp_loss":0.0,"gold_gain":0.0,"event_name":"Upgrade Shrine","player_choice":"Upgraded","floor":24.0,"gold_loss":0.0,"damage_taken":0.0,"cards_upgraded":["Immolate"]},{"damage_healed":0.0,"max_hp_gain":0.0,"max_hp_loss":0.0,"gold_gain":0.0,"event_name":"NoteForYourself","player_choice":"Ignored","floor":38.0,"gold_loss":0.0,"damage_taken":0.0},{"damage_healed":0.0,"max_hp_gain":0.0,"max_hp_loss":4.0,"gold_gain":0.0,"event_name":"Winding Halls","player_choice":"Max HP","floor":41.0,"gold_loss":0.0,"damage_taken":0.0},{"cards_removed":["Shrug It Off"],"damage_healed":0.0,"max_hp_gain":0.0,"max_hp_loss":0.0,"gold_gain":0.0,"event_name":"Falling","player_choice":"Removed Skill","floor":48.0,"gold_loss":0.0,"damage_taken":0.0}],"is_beta":false,"boss_relics":[{"not_picked":["Busted Crown","Pandora\u0027s Box"],"picked":"Sozu"},{"not_picked":["Astrolabe","Black Blood"],"picked":"SlaversCollar"}],"items_purged_floors":[3,28,46],"is_endless":false,"potions_floor_spawned":[1,4,7,16,22,23,27,31,33,35,37,40,42],"ascension_level":0}