{"gold_per_floor":[17,32,32,32,56,56,95,95,95,20,44,58,97,117,117,237,237,252,266,287,212,225,225,258,258,258,158,174,273,298,332,332,462,462,476,351,351,376,83,114,114,134,134,154,254,269,282,301,301,301],"floor_reached":51,"playtime":2564,"items_purged":["Strike_R","Strike_R","Shrug It Off+1","Strike_R+1"],"score":983,"play_id":"734388d8-71e1-4c30-89db-cf86cbe41b84","local_time":"20220419033106","is_ascension_mode":false,"campfire_choices":[{"data":"Bash","floor":6.0,"key":"SMITH"},{"data":"Strike_R","floor":8.0,"key":"SMITH"},{"floor":15.0,"key":"REST"},{"data":"Clash","floor":23.0,"key":"SMITH"},{"data":"Shrug It Off","floor":25.0,"key":"SMITH"},{"data":"Shrug It Off","floor":32.0,"key":"SMITH"},{"floor":41.0,"key":"RECALL"},{"floor":49,"key":"REST"}],"neow_cost":"NO_GOLD","seed_source_timestamp":78559858653049,"circlet_count":0,"master_deck":["Bash+1","Clash+1","Shrug It Off+1","Dropkick+1","Dual Wield+1"],"special_seed":0,"relics":["Burning Blood","Golden Idol","Mercury Hourglass","Singing Bowl","Question Card","Empty Cage","Gremlin Horn","Kunai","Self Forming Clay","Cursed Key","Pen Nib","HornCleat"],"potions_floor_usage":[50,50],"damage_taken":[{"damage":2.0,"enemies":"Small Slimes","floor":1.0,"turns":4.0},{"damage":2.0,"enemies":"2 Louse","floor":2.0,"turns":3.0},{"damage":1.0,"enemies":"Cultist","floor":5.0,"turns":3.0},{"damage":51.0,"enemies":"3 Sentries","floor":7.0,"turns":11.0},{"damage":7.0,"enemies":"Blue Slaver","floor":11.0,"turns":3.0},{"damage":0.0,"enemies":"Large Slime","floor":12.0,"turns":3.0},{"damage":22.0,"enemies":"Lagavulin","floor":13.0,"turns":6.0},{"damage":0.0,"enemies":"Gremlin Gang","floor":14.0,"turns":3.0},{"damage":35.0,"enemies":"Slime Boss","floor":16.0,"turns":10.0},{"damage":20.0,"enemies":"2 Thieves","floor":18.0,"turns":3.0},{"damage":16.0,"enemies":"Spheric Guardian","floor":19.0,"turns":4.0},{"damage":26.0,"enemies":"Snake Plant","floor":20.0,"turns":4.0},{"damage":20.0,"enemies":"Sentry and Sphere","floor":22.0,"turns":5.0},{"damage":40.0,"enemies":"Book of Stabbing","floor":24.0,"turns":5.0},{"damage":6.0,"enemies":"Centurion and Healer","floor":28.0,"turns":12.0},{"damage":2.0,"enemies":"Snake Plant","floor":30.0,"turns":4.0},{"damage":0.0,"enemies":"Gremlin Leader","floor":31.0,"turns":4.0},{"damage":24.0,"enemies":"Automaton","floor":33.0,"turns":12.0},{"damage":0.0,"enemies":"Orb Walker","floor":35.0,"turns":3.0},{"damage":0.0,"enemies":"3 Darklings","floor":38.0,"turns":3.0},{"damage":2.0,"enemies":"Giant Head","floor":40.0,"turns":4.0},{"damage":5.0,"enemies":"Spire Growth","floor":42.0,"turns":2.0},{"damage":0,"enemies":"Maw","floor":44,"turns":3},{"damage":5,"enemies":"3 Darklings","floor":46,"turns":2},{"damage":0,"enemies":"Sphere and 2 Shapes","floor":47,"turns":1},{"damage":11,"enemies":"Maw","floor":48,"turns":3},{"damage":17,"enemies":"Time Eater","floor":50,"turns":4}],"seed_played":"-1919360596091494163","potions_obtained":[{"floor":7.0,"key":"SkillPotion"},{"floor":12.0,"key":"BloodPotion"},{"floor":14.0,"key":"HeartOfIron"},{"floor":19.0,"key":"Weak Potion"},{"floor":22.0,"key":"EssenceOfSteel"},{"floor":28.0,"key":"SkillPotion"},{"floor":31.0,"key":"LiquidMemories"},{"floor":33.0,"key":"Block Potion"},{"floor":35.0,"key":"PowerPotion"},{"floor":44,"key":"SmokeBomb"},{"floor":47,"key":"Fire Potion"}],"is_trial":false,"path_per_floor":["M","M","?","?","M","R","E","R","T","$","M","M","E","M","R","B",null,"M","M","M","?","M","R","E","R","T","$","M","?","M","E","R","B",null,"M","$","?","M","$","E","R","M","T","M","?","M","M","M","R","B",null],"character_chosen":"IRONCLAD","items_purchased":["Pen Nib"],"campfire_rested":2,"item_purchase_floors":[39],"current_hp_per_floor":[80,80,60,60,65,65,20,20,20,20,19,27,13,21,46,19,88,74,66,48,48,54,54,20,20,20,20,20,20,26,34,34,18,100,102,102,102,102,102,104,104,106,106,108,108,110,112,109,114,103],"gold":301,"neow_bonus":"REMOVE_TWO","is_prod":false,"is_daily":false,"chose_seed":false,"campfire_upgraded":5,"win_rate":0,"timestamp":1650357066,"path_taken":["M","M","?","?","?","R","E","R","T","$","M","M","E","M","R","BOSS","M","M","M","?","M","R","E","R","T","$","M","?","M","E","R","BOSS","M","$","?","M","$","E","R","?","T","M","?","M","?","M","R","BOSS"],"build_version":"2022-03-07","purchased_purges":4,"victory":true,"max_hp_per_floor":[80,80,80,80,80,80,80,80,80,80,80,82,84,86,86,88,88,88,90,92,92,94,94,94,94,94,94,94,94,96,98,98,100,100,102,102,102,102,102,104,104,106,106,108,108,110,112,114,114,114],"card_choices":[{"not_picked":["Clothesline","Flex","Searing Blow"],"picked":"SKIP","floor":1.0},{"not_picked":["Iron Wave","Warcry","Headbutt"],"picked":"SKIP","floor":2.0},{"not_picked":["Feel No Pain","Pummel","Heavy Blade"],"picked":"SKIP","floor":5.0},{"not_picked":["Headbutt","Wild Strike","True Grit"],"picked":"SKIP","floor":7.0},{"not_picked":["Pummel","Cleave"],"picked":"Clash","floor":11.0},{"not_picked":["Twin Strike","Sword Boomerang","Fire Breathing"],"picked":"Singing Bowl","floor":12.0},{"not_picked":["Double Tap","Wild Strike","Anger"],"picked":"Singing Bowl","floor":13.0},{"not_picked":["Fire Breathing","Clothesline","Heavy Blade","Perfected Strike"],"picked":"Singing Bowl","floor":14.0},{"not_picked":["Offering","Berserk","Immolate","Feed"],"picked":"Singing Bowl","floor":16.0},{"not_picked":["Rampage","Anger+1","Carnage"],"picked":"Shrug It Off","floor":18.0},{"not_picked":["Shockwave+1","Seeing Red+1","Combust","Pommel Strike"],"picked":"Singing Bowl","floor":19.0},{"not_picked":["Pommel Strike+1","Sword Boomerang","Thunderclap","Fire Breathing"],"picked":"Singing Bowl","floor":20.0},{"not_picked":["Body Slam+1","Clothesline","Heavy Blade","Shockwave+1"],"picked":"Singing Bowl","floor":22.0},{"not_picked":["Dropkick","Twin Strike","Armaments+1"],"picked":"Shrug It Off","floor":24.0},{"not_picked":["Reckless Charge","True Grit+1","Cleave"],"picked":"Dropkick+1","floor":28.0},{"not_picked":["Inflame","Pommel Strike","Berserk","Iron Wave"],"picked":"Singing Bowl","floor":30.0},{"not_picked":["Searing Blow+1","Inflame","Havoc+1","Dark Embrace+1"],"picked":"Singing Bowl","floor":31.0},{"not_picked":["Barricade","Fiend Fire","Immolate","Demon Form"],"picked":"Singing Bowl","floor":33.0},{"not_picked":["Wild Strike+1","Evolve+1","Burning Pact+1","Battle Trance"],"picked":"Singing Bowl","floor":35.0},{"not_picked":["Perfected Strike+1","Reckless Charge+1","Bloodletting"],"picked":"Dual Wield+1","floor":38.0},{"not_picked":["Second Wind","Fiend Fire","Whirlwind","Flex+1"],"picked":"Singing Bowl","floor":40.0},{"not_picked":["Searing Blow+1","Clothesline+1","Sword Boomerang+1","Evolve"],"picked":"Singing Bowl","floor":42.0},{"not_picked":["Iron Wave+1","Shrug It Off","Sword Boomerang","Carnage+1"],"picked":"Singing Bowl","floor":44},{"not_picked":["Pommel Strike","Evolve+1","Wild Strike","Body Slam+1"],"picked":"Singing Bowl","floor":46},{"not_picked":["Headbutt","Pummel+1","Feel No Pain","Seeing Red"],"picked":"Singing Bowl","floor":47},{"not_picked":["Havoc+1","Heavy Blade+1","Armaments","Sword Boomerang"],"picked":"Singing Bowl","floor":48}],"player_experience":816604,"relics_obtained":[{"floor":7.0,"key":"Mercury Hourglass"},{"floor":9.0,"key":"Singing Bowl"},{"floor":13.0,"key":"Question Card"},{"floor":24.0,"key":"Gremlin Horn"},{"floor":26.0,"key":"Kunai"},{"floor":31.0,"key":"Self Forming Clay"},{"floor":40.0,"key":"HornCleat"}],"event_choices":[{"damage_healed":0.0,"max_hp_gain":0.0,"max_hp_loss":0.0,"gold_gain":0.0,"event_name":"Golden Idol","player_choice":"Take Damage","floor":3.0,"gold_loss":0.0,"damage_taken":20.0,"relics_obtained":["Golden Idol"]},{"cards_removed":["Defend_R"],"damage_healed":0.0,"max_hp_gain":0.0,"max_hp_loss":0.0,"gold_gain":0.0,"event_name":"Bonfire Elementals","player_choice":"Offered Basic","floor":4.0,"gold_loss":0.0,"damage_taken":0.0},{"cards_removed":["Defend_R"],"damage_healed":0.0,"max_hp_gain":0.0,"max_hp_loss":0.0,"gold_gain":0.0,"event_name":"Beggar","player_choice":"Gave Gold","floor":21.0,"gold_loss":75.0,"damage_taken":0.0},{"damage_healed":0.0,"max_hp_gain":0.0,"max_hp_loss":0.0,"gold_gain":99.0,"event_name":"Nest","player_choice":"Stole From Cult","floor":29.0,"gold_loss":0.0,"damage_taken":0.0},{"damage_healed":0.0,"max_hp_gain":0.0,"max_hp_loss":0.0,"gold_gain":0.0,"event_name":"Upgrade Shrine","player_choice":"Ignored","floor":37.0,"gold_loss":0.0,"damage_taken":0.0},{"damage_healed":0,"gold_gain":100,"player_choice":"Pray","damage_taken":0,"max_hp_gain":0,"max_hp_loss":0,"event_name":"Golden Shrine","floor":45,"gold_loss":0}],"is_beta":false,"boss_relics":[{"not_picked":["Pandora\u0027s Box","Black Blood"],"picked":"Empty Cage"},{"not_picked":["Calling Bell","SlaversCollar"],"picked":"Cursed Key"}],"items_purged_floors":[10,27,36,39],"is_endless":false,"potions_floor_spawned":[7,12,14,19,22,28,31,33,35,44,47],"ascension_level":0}