{"gold_per_floor":[116,8,23,23,40,70,70,70,70,89,89,121,52,52],"floor_reached":14,"playtime":214,"items_purged":[],"score":98,"play_id":"2363cb9d-8d2d-4aaa-9939-e1c15fa8dad3","local_time":"20220415052654","is_ascension_mode":false,"campfire_choices":[{"data":"Spot Weakness","floor":11,"key":"SMITH"}],"neow_cost":"NONE","seed_source_timestamp":492037352647160,"circlet_count":0,"master_deck":["Strike_R","Strike_R","Strike_R","Strike_R","Strike_R","Defend_R","Defend_R","Defend_R","Defend_R","Bash","Twin Strike","Spot Weakness+1","Rupture","Cleave","Battle Trance","Regret","Rupture+1","Whirlwind"],"relics":["Burning Blood","NeowsBlessing","Gremlin Horn","Juzu Bracelet","Bag of Preparation","Frozen Egg 2","Gambling Chip"],"potions_floor_usage":[6],"damage_taken":[{"damage":0,"enemies":"Cultist","floor":1,"turns":1},{"damage":0,"enemies":"Jaw Worm","floor":3,"turns":1},{"damage":0,"enemies":"2 Louse","floor":5,"turns":1},{"damage":20,"enemies":"Gremlin Nob","floor":6,"turns":4},{"damage":3,"enemies":"Gremlin Gang","floor":10,"turns":2},{"damage":27,"enemies":"3 Sentries","floor":12,"turns":5},{"damage":0,"enemies":"Looter","floor":14,"turns":1}],"seed_played":"6683488552057990694","potions_obtained":[{"floor":5,"key":"DuplicationPotion"},{"floor":6,"key":"Fruit Juice"}],"is_trial":false,"path_per_floor":["M","$","M","$","M","E","?","T","T","M","R","E","$","M"],"character_chosen":"IRONCLAD","items_purchased":["Spot Weakness","Rupture","Whirlwind"],"campfire_rested":0,"item_purchase_floors":[2,2,13],"current_hp_per_floor":[80,80,80,80,80,71,71,71,71,74,74,53,53,53],"gold":52,"neow_bonus":"THREE_ENEMY_KILL","is_prod":false,"is_daily":false,"chose_seed":false,"campfire_upgraded":1,"win_rate":0,"timestamp":1650018414,"path_taken":["M","$","M","?","?","E","?","?","T","M","R","E","$","M"],"build_version":"2022-03-07","purchased_purges":0,"victory":false,"max_hp_per_floor":[80,80,80,80,80,85,85,85,85,85,85,85,85,85],"card_choices":[{"not_picked":["Thunderclap","Dropkick"],"picked":"Twin Strike","floor":1},{"not_picked":["Wild Strike","Blood for Blood"],"picked":"Cleave","floor":3},{"not_picked":["Dark Embrace","Clash","Metallicize"],"picked":"SKIP","floor":5},{"not_picked":["Sword Boomerang","Headbutt"],"picked":"Battle Trance","floor":6},{"not_picked":["Reckless Charge","Iron Wave"],"picked":"Rupture+1","floor":10},{"not_picked":["Searing Blow","Pummel","Double Tap"],"picked":"SKIP","floor":12}],"player_experience":790356,"relics_obtained":[{"floor":6,"key":"Gremlin Horn"},{"floor":8,"key":"Bag of Preparation"},{"floor":9,"key":"Frozen Egg 2"},{"floor":12,"key":"Gambling Chip"}],"event_choices":[{"damage_healed":0,"gold_gain":0,"player_choice":"Box","damage_taken":0,"relics_obtained":["Juzu Bracelet"],"max_hp_gain":0,"max_hp_loss":0,"event_name":"Big Fish","floor":7,"gold_loss":0,"cards_obtained":["Regret"]}],"is_beta":false,"boss_relics":[],"items_purged_floors":[],"is_endless":false,"potions_floor_spawned":[5,6],"killed_by":"Looter","ascension_level":0}