{"gold_per_floor":[360,360,375,384,68,68,88,88,115,129,129,142,155,7,7,175,175,195,195,195,207,107,107,107,34,34,44,79,79,79,112,112,214,214,225,243,243,543,553,553,187,202,202,202,55,80,119,130,130,130],"floor_reached":51,"playtime":2555,"items_purged":["Regret","Strike_R","Strike_R"],"score":878,"play_id":"c809d680-5cee-40c6-b034-8e10a14cc414","local_time":"20220419014028","is_ascension_mode":false,"campfire_choices":[{"data":"Bash","floor":6.0,"key":"SMITH"},{"data":"Flash of Steel","floor":8.0,"key":"SMITH"},{"data":"Shrug It Off","floor":15.0,"key":"SMITH"},{"data":"Offering","floor":24.0,"key":"SMITH"},{"data":"Flash of Steel","floor":32.0,"key":"SMITH"},{"data":"Purity","floor":40.0,"key":"SMITH"},{"data":"Flash of Steel","floor":44.0,"key":"SMITH"},{"data":"Defend_R","floor":49,"key":"SMITH"}],"neow_cost":"PERCENT_DAMAGE","seed_source_timestamp":72408762354981,"circlet_count":0,"master_deck":["Strike_R","Strike_R","Strike_R+1","Defend_R+1","Defend_R","Defend_R+1","Bash+1","Shrug It Off+1","Flash of Steel+1","Offering+1","Flash of Steel+1","Flash of Steel+1","Purity+1","Bloodletting+1","Warcry+1"],"special_seed":0,"relics":["Burning Blood","CeramicFish","ClockworkSouvenir","Art of War","PreservedInsect","Cursed Key","MutagenicStrength","Red Skull","Blood Vial","Nunchaku","Runic Cube","White Beast Statue","Bag of Preparation","Ancient Tea Set"],"potions_floor_usage":[47,50,50],"damage_taken":[{"damage":6.0,"enemies":"Jaw Worm","floor":1.0,"turns":3.0},{"damage":1.0,"enemies":"Cultist","floor":3.0,"turns":4.0},{"damage":0.0,"enemies":"Small Slimes","floor":7.0,"turns":3.0},{"damage":7.0,"enemies":"Looter","floor":10.0,"turns":3.0},{"damage":7.0,"enemies":"Blue Slaver","floor":12.0,"turns":3.0},{"damage":0.0,"enemies":"3 Louse","floor":13.0,"turns":3.0},{"damage":39.0,"enemies":"Slime Boss","floor":16.0,"turns":11.0},{"damage":13.0,"enemies":"3 Byrds","floor":18.0,"turns":6.0},{"damage":0.0,"enemies":"Chosen","floor":21.0,"turns":4.0},{"damage":2.0,"enemies":"Snecko","floor":27.0,"turns":4.0},{"damage":6.0,"enemies":"Slavers","floor":28.0,"turns":4.0},{"damage":6.0,"enemies":"Book of Stabbing","floor":31.0,"turns":2.0},{"damage":56.0,"enemies":"Automaton","floor":33.0,"turns":10.0},{"damage":6.0,"enemies":"Orb Walker","floor":35.0,"turns":1.0},{"damage":8.0,"enemies":"3 Shapes","floor":39.0,"turns":4.0},{"damage":6.0,"enemies":"Transient","floor":42.0,"turns":2.0},{"damage":0,"enemies":"Jaw Worm Horde","floor":46,"turns":2},{"damage":11,"enemies":"Giant Head","floor":47,"turns":4},{"damage":6,"enemies":"Sphere and 2 Shapes","floor":48,"turns":3},{"damage":15,"enemies":"Awakened One","floor":50,"turns":2}],"seed_played":"3671624540585610203","potions_obtained":[{"floor":1.0,"key":"BlessingOfTheForge"},{"floor":7.0,"key":"Energy Potion"},{"floor":12.0,"key":"ColorlessPotion"},{"floor":27.0,"key":"BloodPotion"},{"floor":33.0,"key":"Weak Potion"},{"floor":42.0,"key":"EntropicBrew"},{"floor":46,"key":"HeartOfIron"},{"floor":47,"key":"FairyPotion"},{"floor":48,"key":"ColorlessPotion"}],"is_trial":false,"path_per_floor":["M","?","M","?","$","R","M","R","T","M","?","M","M","$","R","B",null,"M","?","?","M","$","?","R","$","T","M","E","?","$","E","R","B",null,"M","?","?","?","M","R","$","M","T","R","$","M","E","M","R","B",null],"character_chosen":"IRONCLAD","items_purchased":["Flash of Steel","ClockworkSouvenir","PreservedInsect","Flash of Steel","White Beast Statue","Bag of Preparation"],"campfire_rested":0,"item_purchase_floors":[5,5,14,25,41,45],"current_hp_per_floor":[56,56,61,61,61,61,67,67,67,66,50,49,55,55,55,22,80,73,73,73,79,79,79,79,79,79,80,80,80,80,80,80,30,80,80,70,70,70,70,70,70,72,72,72,72,76,76,76,76,67],"gold":130,"neow_bonus":"TWO_FIFTY_GOLD","is_prod":false,"is_daily":false,"chose_seed":false,"campfire_upgraded":8,"win_rate":0,"timestamp":1650350428,"path_taken":["M","?","M","?","$","R","M","R","T","M","?","M","?","?","R","BOSS","M","?","?","M","$","?","R","?","T","?","E","?","?","E","R","BOSS","M","?","?","?","M","R","$","?","T","R","$","M","E","M","R","BOSS"],"build_version":"2022-03-07","purchased_purges":3,"victory":true,"max_hp_per_floor":[80,80,80,80,80,80,80,80,80,80,80,80,80,80,80,80,80,80,80,80,80,80,80,80,80,80,80,80,80,80,80,80,80,80,80,80,76,76,76,76,76,76,76,76,76,76,76,76,76,76],"card_choices":[{"not_picked":["Second Wind","Clothesline"],"picked":"Shrug It Off","floor":1.0},{"not_picked":["Spot Weakness","Power Through","Body Slam"],"picked":"SKIP","floor":3.0},{"not_picked":["Anger","Flame Barrier","Iron Wave"],"picked":"SKIP","floor":7.0},{"not_picked":["Hemokinesis","True Grit","Cleave"],"picked":"SKIP","floor":10.0},{"not_picked":["Clash","Evolve","Thunderclap"],"picked":"SKIP","floor":12.0},{"not_picked":["Impervious","Hemokinesis","Flex"],"picked":"SKIP","floor":13.0},{"not_picked":["Demon Form","Limit Break"],"picked":"Offering","floor":16.0},{"not_picked":["Iron Wave","Anger","Perfected Strike+1"],"picked":"SKIP","floor":18.0},{"not_picked":["Carnage","Intimidate","Cleave"],"picked":"SKIP","floor":21.0},{"not_picked":["Flex","Headbutt","Sever Soul"],"picked":"SKIP","floor":27.0},{"not_picked":["Berserk","True Grit","Combust"],"picked":"SKIP","floor":28.0},{"not_picked":["Twin Strike+1","Armaments","Anger"],"picked":"SKIP","floor":31.0},{"not_picked":["Flex+1","Blood for Blood","Havoc"],"picked":"SKIP","floor":35.0},{"not_picked":["Panacea","Swift Strike"],"picked":"Flash of Steel","floor":36.0},{"not_picked":["Jack Of All Trades","Deep Breath"],"picked":"Purity","floor":36.0},{"not_picked":["Clash+1","Searing Blow+1","Warcry"],"picked":"SKIP","floor":39.0},{"not_picked":["Hemokinesis+1","Headbutt","Armaments"],"picked":"SKIP","floor":42.0},{"not_picked":["Ghostly Armor+1","Flame Barrier+1"],"picked":"Bloodletting+1","floor":46},{"not_picked":["Brutality","Battle Trance+1"],"picked":"Warcry+1","floor":47},{"not_picked":["Whirlwind+1","Thunderclap+1","Wild Strike+1"],"picked":"SKIP","floor":48}],"player_experience":811368,"relics_obtained":[{"floor":9.0,"key":"Art of War"},{"floor":28.0,"key":"Blood Vial"},{"floor":31.0,"key":"Nunchaku"},{"floor":47,"key":"Ancient Tea Set"}],"event_choices":[{"cards_removed":["Defend_R"],"damage_healed":0.0,"max_hp_gain":0.0,"max_hp_loss":0.0,"gold_gain":0.0,"event_name":"Living Wall","player_choice":"Forget","floor":2.0,"gold_loss":0.0,"damage_taken":0.0},{"damage_healed":0.0,"max_hp_gain":0.0,"max_hp_loss":0.0,"gold_gain":0.0,"event_name":"Big Fish","player_choice":"Box","floor":4.0,"gold_loss":0.0,"damage_taken":0.0,"relics_obtained":["CeramicFish"],"cards_obtained":["Regret"]},{"damage_healed":0.0,"max_hp_gain":0.0,"max_hp_loss":0.0,"gold_gain":0.0,"event_name":"Shining Light","player_choice":"Entered Light","floor":11.0,"gold_loss":0.0,"damage_taken":16.0,"cards_upgraded":["Defend_R","Strike_R"]},{"damage_healed":0.0,"max_hp_gain":0.0,"max_hp_loss":0.0,"gold_gain":0.0,"event_name":"Cursed Tome","player_choice":"Ignored","floor":19.0,"gold_loss":0.0,"damage_taken":0.0},{"damage_healed":0.0,"max_hp_gain":0.0,"max_hp_loss":0.0,"gold_gain":0.0,"event_name":"Drug Dealer","player_choice":"Inject Mutagens","floor":20.0,"gold_loss":0.0,"damage_taken":0.0,"relics_obtained":["MutagenicStrength"]},{"damage_healed":0.0,"max_hp_gain":0.0,"max_hp_loss":0.0,"gold_gain":0.0,"event_name":"The Mausoleum","player_choice":"Opened","floor":23.0,"gold_loss":0.0,"damage_taken":0.0,"relics_obtained":["Red Skull"]},{"damage_healed":26.0,"max_hp_gain":0.0,"max_hp_loss":0.0,"gold_gain":0.0,"event_name":"The Library","player_choice":"Heal","floor":29.0,"gold_loss":0.0,"damage_taken":0.0},{"damage_healed":0.0,"max_hp_gain":0.0,"max_hp_loss":0.0,"gold_gain":0.0,"event_name":"SensoryStone","player_choice":"Memory 3","floor":36.0,"gold_loss":0.0,"damage_taken":10.0},{"damage_healed":0.0,"max_hp_gain":0.0,"max_hp_loss":4.0,"gold_gain":0.0,"event_name":"Winding Halls","player_choice":"Max HP","floor":37.0,"gold_loss":0.0,"damage_taken":0.0},{"damage_healed":0.0,"max_hp_gain":0.0,"max_hp_loss":0.0,"gold_gain":300.0,"event_name":"Wheel of Change","player_choice":"Gold","floor":38.0,"gold_loss":0.0,"damage_taken":0.0}],"is_beta":false,"boss_relics":[{"not_picked":["Ectoplasm","SlaversCollar"],"picked":"Cursed Key"},{"not_picked":["Calling Bell","Snecko Eye"],"picked":"Runic Cube"}],"items_purged_floors":[5,22,41],"is_endless":false,"potions_floor_spawned":[1,7,12,27,33,42,46,47,48],"ascension_level":0}