{"gold_per_floor":[112,112,112,112,127,52,52,76,76,90,116,141,180,201,201,327,327,350,250,250,218,218,218,257,276],"floor_reached":25,"playtime":1711,"items_purged":["Decay","Strike_R"],"score":248,"play_id":"9692802b-b8c2-4f29-be68-96360b0517b6","local_time":"20220415034714","is_ascension_mode":false,"campfire_choices":[{"data":"Entrench","floor":7.0,"key":"SMITH"},{"data":"Armaments","floor":15.0,"key":"SMITH"},{"data":"Barricade","floor":23.0,"key":"SMITH"}],"neow_cost":"NONE","seed_source_timestamp":484419495037012,"circlet_count":0,"master_deck":["Defend_R","Defend_R","Defend_R","Defend_R","Bash+1","Metallicize","Entrench+1","Shockwave","Twin Strike","Armaments+1","Pommel Strike","Barricade+1","Bite","Bite","Bite","Bite","Bite","Shrug It Off+1","True Grit+1"],"special_seed":0,"relics":["Burning Blood","NeowsBlessing","Golden Idol","Matryoshka","Art of War","Lantern","Tiny Chest","Black Star","Pen Nib","Akabeko"],"potions_floor_usage":[24,24],"damage_taken":[{"damage":0.0,"enemies":"Small Slimes","floor":1.0,"turns":1.0},{"damage":0.0,"enemies":"2 Louse","floor":5.0,"turns":1.0},{"damage":0.0,"enemies":"Cultist","floor":8.0,"turns":1.0},{"damage":19.0,"enemies":"Gremlin Gang","floor":10.0,"turns":6.0},{"damage":1.0,"enemies":"Blue Slaver","floor":12.0,"turns":4.0},{"damage":12.0,"enemies":"3 Sentries","floor":13.0,"turns":9.0},{"damage":10.0,"enemies":"Lots of Slimes","floor":14.0,"turns":7.0},{"damage":29.0,"enemies":"Slime Boss","floor":16.0,"turns":18.0},{"damage":2.0,"enemies":"Chosen","floor":18.0,"turns":10.0},{"damage":22.0,"enemies":"2 Thieves","floor":21.0,"turns":5.0},{"damage":48,"enemies":"Book of Stabbing","floor":24,"turns":7},{"damage":15,"enemies":"Centurion and Healer","floor":25,"turns":23}],"seed_played":"6504223238768708105","potions_obtained":[{"floor":1.0,"key":"Swift Potion"},{"floor":12.0,"key":"Ancient Potion"},{"floor":16.0,"key":"BloodPotion"},{"floor":18.0,"key":"CultistPotion"},{"floor":24,"key":"SpeedPotion"}],"is_trial":false,"path_per_floor":["M","?","?","?","M","$","R","M","T","M","T","M","E","M","R","B",null,"M","$","?","M","?","R","E","M"],"character_chosen":"IRONCLAD","items_purchased":[],"campfire_rested":0,"item_purchase_floors":[],"current_hp_per_floor":[80,80,74,74,74,74,74,74,74,61,61,66,60,56,56,33,74,74,74,51,47,47,47,32,49],"gold":276,"neow_bonus":"THREE_ENEMY_KILL","is_prod":false,"is_daily":false,"chose_seed":false,"campfire_upgraded":3,"win_rate":0,"timestamp":1650012434,"path_taken":["M","?","?","?","?","$","R","M","T","?","?","?","E","M","R","BOSS","M","$","?","M","?","R","E","M"],"build_version":"2022-03-07","purchased_purges":2,"victory":false,"max_hp_per_floor":[80,80,74,74,74,74,74,74,74,74,74,74,74,74,74,74,74,74,74,51,51,51,51,51,51],"card_choices":[{"not_picked":["Dark Embrace","Thunderclap"],"picked":"Metallicize","floor":1.0},{"not_picked":["Bloodletting","Armaments"],"picked":"Entrench","floor":5.0},{"not_picked":["Anger","Pummel"],"picked":"Shockwave","floor":8.0},{"not_picked":["Sentinel","Thunderclap"],"picked":"Twin Strike","floor":10.0},{"not_picked":["Pummel","Warcry"],"picked":"Armaments","floor":12.0},{"not_picked":["Bloodletting","Fiend Fire"],"picked":"Pommel Strike","floor":13.0},{"not_picked":["Sever Soul","Wild Strike","Flex"],"picked":"SKIP","floor":14.0},{"not_picked":["Demon Form","Immolate"],"picked":"Barricade","floor":16.0},{"not_picked":["Heavy Blade","Warcry","Sword Boomerang"],"picked":"SKIP","floor":18.0},{"not_picked":["Wild Strike+1","Dropkick"],"picked":"Shrug It Off+1","floor":21.0},{"not_picked":["Corruption","Heavy Blade"],"picked":"True Grit+1","floor":24},{"not_picked":["Armaments+1","Combust","Heavy Blade"],"picked":"SKIP","floor":25}],"player_experience":783274,"relics_obtained":[{"floor":9.0,"key":"Matryoshka"},{"floor":11.0,"key":"Art of War"},{"floor":11.0,"key":"Lantern"},{"floor":13.0,"key":"Tiny Chest"},{"floor":24,"key":"Pen Nib"},{"floor":24,"key":"Akabeko"}],"event_choices":[{"damage_healed":0.0,"max_hp_gain":0.0,"max_hp_loss":0.0,"gold_gain":0.0,"event_name":"Living Wall","player_choice":"Grow","floor":2.0,"gold_loss":0.0,"damage_taken":0.0,"cards_upgraded":["Bash"]},{"damage_healed":0.0,"max_hp_gain":0.0,"max_hp_loss":6.0,"gold_gain":0.0,"event_name":"Golden Idol","player_choice":"Lose Max HP","floor":3.0,"gold_loss":0.0,"damage_taken":0.0,"relics_obtained":["Golden Idol"]},{"damage_healed":0.0,"max_hp_gain":0.0,"max_hp_loss":0.0,"gold_gain":0.0,"event_name":"Wheel of Change","player_choice":"Cursed","floor":4.0,"gold_loss":0.0,"damage_taken":0.0,"cards_obtained":["Decay"]},{"damage_healed":0.0,"max_hp_gain":0.0,"max_hp_loss":23.0,"gold_gain":0.0,"event_name":"Vampires","player_choice":"Became a vampire","floor":20.0,"gold_loss":0.0,"damage_taken":0.0,"cards_obtained":["Bite","Bite","Bite","Bite","Bite"]},{"damage_healed":0.0,"max_hp_gain":0.0,"max_hp_loss":0.0,"gold_gain":0.0,"event_name":"Ghosts","player_choice":"Ignored","floor":22.0,"gold_loss":0.0,"damage_taken":0.0}],"is_beta":false,"boss_relics":[{"not_picked":["Snecko Eye","SacredBark"],"picked":"Black Star"}],"items_purged_floors":[6,19],"is_endless":false,"potions_floor_spawned":[1,12,16,18,24],"killed_by":"Centurion and Healer","ascension_level":0}