{"gold_per_floor":[117,128,210,6,81,81,110,120,120,120,45,45,79,79,79,153,153,167,167,167,177,197,227,25,25,25,42,68,68,103,128,128,204,204,224,224,249,259,277,312,346,346,346,377,39,64,64,116,116,116,116,116,116,66,98,98],"floor_reached":56,"playtime":4233,"items_purged":["Strike_R","Strike_R"],"score":2140,"play_id":"f1105ad5-5e4f-4b63-8024-c3c424ba214a","local_time":"20220425194510","is_ascension_mode":true,"campfire_choices":[{"data":"Apotheosis","floor":6.0,"key":"SMITH"},{"data":"Bludgeon","floor":10.0,"key":"SMITH"},{"data":"Combust","floor":15.0,"key":"SMITH"},{"data":"Power Through","floor":25.0,"key":"SMITH"},{"data":"Pommel Strike","floor":32.0,"key":"SMITH"},{"data":"Limit Break","floor":42.0,"key":"SMITH"},{"floor":49.0,"key":"RECALL"},{"data":"Demon Form","floor":53.0,"key":"SMITH"}],"neow_cost":"NONE","seed_source_timestamp":0,"circlet_count":0,"master_deck":["AscendersBane","Strike_R","Defend_R","Defend_R","Defend_R+1","Defend_R","Bash","Cleave+1","Twin Strike","Apotheosis+1","Bludgeon+1","Combust+1","Reaper","Power Through+1","Shrug It Off","Pommel Strike+1","Whirlwind","Reaper","Shrug It Off","Disarm","Limit Break+1","Inflame","Demon Form+1","Shockwave","Heavy Blade+1","Uppercut","Sword Boomerang","Violence+1","Sword Boomerang+1","Rupture+1"],"special_seed":0,"relics":["Burning Blood","NeowsBlessing","Eternal Feather","Vajra","Art of War","Letter Opener","Coffee Dripper","MealTicket","DollysMirror","Bottled Flame","MutagenicStrength","WingedGreaves","Red Skull","Snecko Eye","Incense Burner","Toxic Egg 2","Smiling Mask","Blue Candle","Champion Belt","InkBottle","Gremlin Horn","Thread and Needle","Paper Frog"],"potions_floor_usage":[55,56],"damage_taken":[{"damage":0.0,"enemies":"Cultist","floor":1.0,"turns":1.0},{"damage":0.0,"enemies":"Jaw Worm","floor":2.0,"turns":1.0},{"damage":0.0,"enemies":"3 Sentries","floor":7.0,"turns":1.0},{"damage":0.0,"enemies":"Small Slimes","floor":8.0,"turns":3.0},{"damage":16.0,"enemies":"Lagavulin","floor":13.0,"turns":6.0},{"damage":40.0,"enemies":"Hexaghost","floor":16.0,"turns":9.0},{"damage":17.0,"enemies":"2 Thieves","floor":18.0,"turns":3.0},{"damage":3.0,"enemies":"Chosen","floor":21.0,"turns":3.0},{"damage":21.0,"enemies":"Snake Plant","floor":22.0,"turns":3.0},{"damage":50.0,"enemies":"Gremlin Leader","floor":23.0,"turns":7.0},{"damage":33.0,"enemies":"Cultist and Chosen","floor":27.0,"turns":6.0},{"damage":37.0,"enemies":"Slavers","floor":28.0,"turns":4.0},{"damage":28.0,"enemies":"Gremlin Leader","floor":30.0,"turns":6.0},{"damage":57.0,"enemies":"Slavers","floor":31.0,"turns":5.0},{"damage":56.0,"enemies":"Collector","floor":33.0,"turns":7.0},{"damage":11.0,"enemies":"3 Darklings","floor":35.0,"turns":4.0},{"damage":10.0,"enemies":"Mind Bloom Boss Battle","floor":37.0,"turns":5.0},{"damage":8.0,"enemies":"3 Shapes","floor":38.0,"turns":5.0},{"damage":4.0,"enemies":"Jaw Worm Horde","floor":39.0,"turns":3.0},{"damage":12.0,"enemies":"Giant Head","floor":40.0,"turns":6.0},{"damage":24.0,"enemies":"Reptomancer","floor":41.0,"turns":4.0},{"damage":30.0,"enemies":"Giant Head","floor":44.0,"turns":5.0},{"damage":35.0,"enemies":"Reptomancer","floor":46.0,"turns":4.0},{"damage":25.0,"enemies":"2 Orb Walkers","floor":48.0,"turns":5.0},{"damage":18.0,"enemies":"Time Eater","floor":50.0,"turns":6.0},{"damage":41.0,"enemies":"Awakened One","floor":51.0,"turns":8.0},{"damage":62,"enemies":"Shield and Spear","floor":55,"turns":6},{"damage":68,"enemies":"The Heart","floor":56,"turns":5}],"seed_played":"-1416644207562357215","potions_obtained":[{"floor":7.0,"key":"EntropicBrew"},{"floor":8.0,"key":"LiquidBronze"},{"floor":18.0,"key":"Energy Potion"},{"floor":23.0,"key":"Ancient Potion"},{"floor":27.0,"key":"Weak Potion"},{"floor":28.0,"key":"ColorlessPotion"},{"floor":38.0,"key":"Explosive Potion"},{"floor":39.0,"key":"Strength Potion"},{"floor":46.0,"key":"SpeedPotion"},{"floor":48.0,"key":"Swift Potion"}],"is_trial":false,"path_per_floor":["M","M","T","$","?","R","E","M","T","R","?","?","E","?","R","B",null,"M","?","?","M","M","E","$","R","T","M","E","?","E","E","R","B",null,"M","?","?","M","M","E","E","R","T","E","$","E","?","?","R","B","B",null,"R","$","E","B"],"character_chosen":"IRONCLAD","items_purchased":["Apotheosis","DollysMirror","Shrug It Off","InkBottle"],"campfire_rested":0,"item_purchase_floors":[4,24,24,45],"current_hp_per_floor":[74,75,75,75,64,70,75,75,75,75,75,75,65,42,51,17,61,50,50,50,53,38,12,27,39,39,32,30,30,36,9,21,16,60,75,71,71,69,71,67,59,71,71,47,62,61,51,71,71,71,65,70,71,71,53,0],"gold":98,"neow_bonus":"THREE_ENEMY_KILL","is_prod":false,"is_daily":false,"chose_seed":false,"campfire_upgraded":7,"win_rate":0,"timestamp":1650933910,"path_taken":["M","M","?","$","?","R","E","M","T","R","?","?","E","?","R","BOSS","M","?","?","M","M","E","$","R","T","?","E","?","E","E","R","BOSS","M","?","?","M","M","E","E","R","T","E","$","E","?","?","R","BOSS","BOSS","R","$","E","BOSS"],"build_version":"2022-03-07","purchased_purges":2,"victory":false,"max_hp_per_floor":[75,75,75,75,75,75,75,75,75,75,75,75,75,75,75,75,75,75,75,75,75,75,75,75,75,75,75,75,75,75,75,75,75,75,75,71,71,71,71,71,71,71,71,71,71,71,71,71,71,71,71,71,71,71,71,71],"relic_stats":{"Gremlin Horn":[5,5],"counters":[28,131],"Blue Candle":[0],"Eternal Feather":52,"Letter Opener":[115],"Smiling Mask":75,"Burning Blood":140,"Bottled Flame":"Pommel Strike","Snecko Eye":[123,118,112,120,-83],"MealTicket":30,"WingedGreaves":3,"Art of War":[13],"Champion Belt":[17],"obtain_stats":[{"NeowsBlessing":0,"Gremlin Horn":46,"Blue Candle":43,"Vajra":7,"Eternal Feather":3,"Thread and Needle":48,"Incense Burner":37,"Letter Opener":13,"Smiling Mask":41,"Burning Blood":0,"Bottled Flame":28,"DollysMirror":24,"MutagenicStrength":29,"Snecko Eye":34,"MealTicket":23,"WingedGreaves":30,"Art of War":9,"Coffee Dripper":17,"Champion Belt":44,"Toxic Egg 2":40,"Red Skull":31,"InkBottle":45,"Paper Frog":55},{"NeowsBlessing":0,"Gremlin Horn":23,"Blue Candle":21,"Vajra":3,"Eternal Feather":2,"Thread and Needle":24,"Incense Burner":17,"Letter Opener":5,"Smiling Mask":21,"Burning Blood":0,"Bottled Flame":12,"DollysMirror":10,"MutagenicStrength":12,"Snecko Eye":15,"MealTicket":10,"WingedGreaves":13,"Art of War":4,"Coffee Dripper":6,"Champion Belt":22,"Toxic Egg 2":20,"Red Skull":14,"InkBottle":22,"Paper Frog":27},{"NeowsBlessing":0,"Gremlin Horn":101,"Blue Candle":92,"Vajra":3,"Eternal Feather":2,"Thread and Needle":106,"Incense Burner":74,"Letter Opener":12,"Smiling Mask":92,"Burning Blood":0,"Bottled Flame":47,"DollysMirror":37,"MutagenicStrength":47,"Snecko Eye":65,"MealTicket":37,"WingedGreaves":53,"Art of War":6,"Coffee Dripper":21,"Champion Belt":97,"Toxic Egg 2":88,"Red Skull":58,"InkBottle":97,"Paper Frog":126}],"InkBottle":[13]},"card_choices":[{"not_picked":["Shrug It Off","Rage"],"picked":"Cleave","floor":1.0},{"not_picked":["Thunderclap","Headbutt"],"picked":"Twin Strike","floor":2.0},{"not_picked":["Clothesline","Sword Boomerang"],"picked":"Bludgeon","floor":7.0},{"not_picked":["Twin Strike","Anger","Wild Strike"],"picked":"SKIP","floor":8.0},{"not_picked":["Fire Breathing","Iron Wave"],"picked":"Combust","floor":13.0},{"not_picked":["Demon Form","Corruption"],"picked":"Reaper","floor":16.0},{"not_picked":["Wild Strike","True Grit"],"picked":"Power Through","floor":18.0},{"not_picked":["Clothesline","Perfected Strike","Rage"],"picked":"SKIP","floor":21.0},{"not_picked":["Ghostly Armor","Twin Strike"],"picked":"Pommel Strike","floor":22.0},{"not_picked":["Clothesline","Anger"],"picked":"Whirlwind","floor":23.0},{"not_picked":["Searing Blow","Whirlwind"],"picked":"Disarm","floor":27.0},{"not_picked":["Infernal Blade","Fire Breathing"],"picked":"Limit Break","floor":28.0},{"not_picked":["Clash","Sever Soul","Iron Wave"],"picked":"SKIP","floor":30.0},{"not_picked":["Cleave","True Grit"],"picked":"Inflame","floor":31.0},{"not_picked":["Berserk","Reaper"],"picked":"Demon Form","floor":33.0},{"not_picked":["Clothesline","Rampage"],"picked":"Shockwave","floor":35.0},{"not_picked":["Headbutt+1","Thunderclap+1"],"picked":"Heavy Blade+1","floor":38.0},{"not_picked":["Clash","Anger+1"],"picked":"Uppercut","floor":39.0},{"not_picked":["Intimidate+1","Dual Wield+1","Flex+1"],"picked":"SKIP","floor":40.0},{"not_picked":["Dual Wield+1","Wild Strike"],"picked":"Sword Boomerang","floor":41.0},{"not_picked":["Cleave","Evolve","Thunderclap+1"],"picked":"SKIP","floor":44.0},{"not_picked":["Armaments+1","Warcry+1","Anger"],"picked":"SKIP","floor":46.0},{"not_picked":["Impatience+1","Mind Blast"],"picked":"Violence+1","floor":47.0},{"not_picked":["Cleave","Anger"],"picked":"Sword Boomerang+1","floor":48.0},{"not_picked":["True Grit+1","Clothesline"],"picked":"Rupture+1","floor":55}],"player_experience":846224,"relics_obtained":[{"floor":3.0,"key":"Eternal Feather"},{"floor":7.0,"key":"Vajra"},{"floor":9.0,"key":"Art of War"},{"floor":13.0,"key":"Letter Opener"},{"floor":23.0,"key":"MealTicket"},{"floor":28.0,"key":"Bottled Flame"},{"floor":30.0,"key":"WingedGreaves"},{"floor":31.0,"key":"Red Skull"},{"floor":37.0,"key":"Incense Burner"},{"floor":40.0,"key":"Toxic Egg 2"},{"floor":41.0,"key":"Smiling Mask"},{"floor":43.0,"key":"Blue Candle"},{"floor":44.0,"key":"Champion Belt"},{"floor":46.0,"key":"Gremlin Horn"},{"floor":48.0,"key":"Thread and Needle"},{"floor":55,"key":"Paper Frog"}],"event_choices":[{"damage_healed":0.0,"max_hp_gain":0.0,"max_hp_loss":0.0,"gold_gain":75.0,"event_name":"World of Goop","player_choice":"Gather Gold","floor":5.0,"gold_loss":0.0,"damage_taken":11.0},{"cards_removed":["Strike_R"],"damage_healed":0.0,"max_hp_gain":0.0,"max_hp_loss":0.0,"gold_gain":0.0,"event_name":"The Cleric","player_choice":"Card Removal","floor":11.0,"gold_loss":75.0,"damage_taken":0.0},{"damage_healed":0.0,"max_hp_gain":0.0,"max_hp_loss":0.0,"gold_gain":0.0,"event_name":"Liars Game","player_choice":"Ignored","floor":12.0,"gold_loss":0.0,"damage_taken":0.0},{"damage_healed":0.0,"max_hp_gain":0.0,"max_hp_loss":0.0,"gold_gain":0.0,"event_name":"Shining Light","player_choice":"Entered Light","floor":14.0,"gold_loss":0.0,"damage_taken":23.0,"cards_upgraded":["Defend_R","Cleave"]},{"damage_healed":0.0,"max_hp_gain":0.0,"max_hp_loss":0.0,"gold_gain":0.0,"event_name":"The Library","player_choice":"Read","floor":19.0,"gold_loss":0.0,"damage_taken":0.0,"cards_obtained":["Shrug It Off"]},{"cards_removed":["Strike_R"],"damage_healed":0.0,"max_hp_gain":0.0,"max_hp_loss":0.0,"gold_gain":0.0,"event_name":"Bonfire Elementals","player_choice":"Offered Basic","floor":20.0,"gold_loss":0.0,"damage_taken":0.0},{"damage_healed":0.0,"max_hp_gain":0.0,"max_hp_loss":0.0,"gold_gain":0.0,"event_name":"Drug Dealer","player_choice":"Inject Mutagens","floor":29.0,"gold_loss":0.0,"damage_taken":0.0,"relics_obtained":["MutagenicStrength"]},{"damage_healed":0.0,"max_hp_gain":0.0,"max_hp_loss":4.0,"gold_gain":0.0,"event_name":"Winding Halls","player_choice":"Max HP","floor":36.0,"gold_loss":0.0,"damage_taken":0.0},{"damage_healed":0.0,"max_hp_gain":0.0,"max_hp_loss":0.0,"gold_gain":0.0,"event_name":"MindBloom","player_choice":"Fight","floor":37.0,"gold_loss":0.0,"damage_taken":0.0},{"damage_healed":0.0,"max_hp_gain":0.0,"max_hp_loss":0.0,"gold_gain":0.0,"event_name":"SensoryStone","player_choice":"Memory 3","floor":47.0,"gold_loss":0.0,"damage_taken":10.0},{"damage_healed":0.0,"max_hp_gain":0.0,"max_hp_loss":0.0,"gold_gain":0.0,"event_name":"Mysterious Sphere","player_choice":"Fight","floor":48.0,"gold_loss":0.0,"damage_taken":0.0}],"is_beta":false,"boss_relics":[{"not_picked":["Black Blood","Tiny House"],"picked":"Coffee Dripper"},{"not_picked":["Philosopher\u0027s Stone","Empty Cage"],"picked":"Snecko Eye"}],"items_purged_floors":[45,54],"is_endless":false,"potions_floor_spawned":[7,8,13,16,18,23,27,28,38,39,46,48],"killed_by":"The Heart","ascension_level":20}