{"gold_per_floor":[115,127,127,140,154,154,205,205,259,279,279,290,318,339,339,438,438,454,46,46,46,71,101,121,121,198,198,227,242,152,165,165,270,270,286,286,131,141,191,191,191,201,201,101,133,355,355,355,355,355],"floor_reached":51,"playtime":1221,"items_purged":["Strike_R","Strike_R"],"score":761,"play_id":"67e32c1a-242f-42a2-bc9b-ecb4b0357abf","local_time":"20220415052048","is_ascension_mode":false,"campfire_choices":[{"data":"Perfected Strike","floor":6,"key":"SMITH"},{"data":"Pommel Strike","floor":8,"key":"SMITH"},{"data":"Pommel Strike","floor":11,"key":"SMITH"},{"data":"Flame Barrier","floor":15,"key":"SMITH"},{"data":"Shockwave","floor":25,"key":"SMITH"},{"data":"Disarm","floor":27,"key":"SMITH"},{"data":"Bash","floor":32,"key":"SMITH"},{"data":"Demon Form","floor":47,"key":"SMITH"},{"data":"Flame Barrier","floor":49,"key":"SMITH"}],"neow_cost":"NONE","seed_source_timestamp":490634609803518,"circlet_count":0,"master_deck":["Strike_R","Defend_R","Defend_R","Defend_R","Bash+1","Perfected Strike+1","Twin Strike+1","Flame Barrier+1","Pommel Strike+1","Pommel Strike+1","Twin Strike","Shrug It Off","Shockwave+1","Combust","Disarm+1","Offering","Whirlwind","Perfected Strike+1","Demon Form+1","Flame Barrier+1","Flash of Steel","Flash of Steel"],"relics":["Burning Blood","NeowsBlessing","Bronze Scales","Juzu Bracelet","Omamori","Odd Mushroom","Sozu","PreservedInsect","StrikeDummy","Strawberry","Red Mask","Bottled Flame","White Beast Statue","Ancient Tea Set","Calling Bell","Bag of Marbles","Ornamental Fan","Incense Burner","Lizard Tail","Self Forming Clay","Boot"],"potions_floor_usage":[50,50],"damage_taken":[{"damage":0,"enemies":"Cultist","floor":1,"turns":1},{"damage":0,"enemies":"2 Louse","floor":2,"turns":1},{"damage":0,"enemies":"Jaw Worm","floor":4,"turns":1},{"damage":7,"enemies":"Blue Slaver","floor":5,"turns":3},{"damage":11,"enemies":"Large Slime","floor":10,"turns":2},{"damage":9,"enemies":"Lots of Slimes","floor":12,"turns":3},{"damage":14,"enemies":"Gremlin Nob","floor":13,"turns":3},{"damage":22,"enemies":"The Mushroom Lair","floor":14,"turns":3},{"damage":24,"enemies":"Hexaghost","floor":16,"turns":7},{"damage":5,"enemies":"3 Byrds","floor":18,"turns":2},{"damage":5,"enemies":"Masked Bandits","floor":22,"turns":3},{"damage":13,"enemies":"Book of Stabbing","floor":23,"turns":3},{"damage":7,"enemies":"Shell Parasite","floor":24,"turns":3},{"damage":11,"enemies":"Slavers","floor":28,"turns":4},{"damage":14,"enemies":"Centurion and Healer","floor":29,"turns":4},{"damage":8,"enemies":"Cultist and Chosen","floor":31,"turns":4},{"damage":31,"enemies":"Collector","floor":33,"turns":8},{"damage":4,"enemies":"3 Darklings","floor":35,"turns":4},{"damage":16,"enemies":"3 Shapes","floor":38,"turns":3},{"damage":12,"enemies":"Mind Bloom Boss Battle","floor":39,"turns":3},{"damage":6,"enemies":"Maw","floor":42,"turns":6},{"damage":20,"enemies":"Giant Head","floor":45,"turns":6},{"damage":79,"enemies":"Awakened One","floor":50,"turns":8}],"seed_played":"7170091636556575628","potions_obtained":[{"floor":12,"key":"AttackPotion"},{"floor":13,"key":"ElixirPotion"},{"floor":16,"key":"SpeedPotion"}],"is_trial":false,"path_per_floor":["M","M","?","M","M","R","T","R","T","M","R","M","E","?","R","B",null,"M","$","?","?","?","E","M","R","T","R","E","M","?","M","R","B",null,"M","?","$","M","?","?","?","M","T","$","E","?","R","?","R","B",null],"character_chosen":"IRONCLAD","items_purchased":["PreservedInsect","StrikeDummy","Whirlwind"],"campfire_rested":0,"item_purchase_floors":[19,19,37],"current_hp_per_floor":[80,80,80,80,79,79,79,79,79,74,74,71,63,47,47,29,80,80,80,80,87,87,80,79,79,79,79,74,66,66,64,64,39,87,87,87,87,77,71,71,71,71,71,71,57,57,57,47,47,23],"gold":355,"neow_bonus":"THREE_ENEMY_KILL","is_prod":false,"is_daily":false,"chose_seed":false,"campfire_upgraded":9,"win_rate":0,"timestamp":1650018048,"path_taken":["M","?","?","?","?","R","?","R","T","M","R","M","E","?","R","BOSS","M","$","?","?","?","E","M","R","T","R","E","M","?","M","R","BOSS","M","?","$","M","?","?","?","M","T","$","E","?","R","?","R","BOSS"],"build_version":"2022-03-07","purchased_purges":2,"victory":true,"max_hp_per_floor":[80,80,80,80,80,80,80,80,80,80,80,80,80,80,80,80,80,80,80,80,87,87,87,87,87,87,87,87,87,87,87,87,87,87,87,87,87,87,87,83,83,83,83,83,83,83,83,83,83,83],"card_choices":[{"not_picked":["Body Slam","True Grit"],"picked":"Perfected Strike","floor":1},{"not_picked":["Sentinel","Havoc"],"picked":"Twin Strike","floor":2},{"not_picked":["Rage","Perfected Strike"],"picked":"Flame Barrier","floor":4},{"not_picked":["Sword Boomerang","Disarm"],"picked":"Pommel Strike","floor":5},{"not_picked":["Metallicize","Infernal Blade"],"picked":"Pommel Strike","floor":10},{"not_picked":["Shrug It Off","Intimidate"],"picked":"Twin Strike","floor":12},{"not_picked":["Dual Wield","Heavy Blade","Thunderclap"],"picked":"SKIP","floor":13},{"not_picked":["Heavy Blade","Body Slam"],"picked":"Shrug It Off","floor":14},{"not_picked":["Thunderclap","Flex"],"picked":"Shockwave","floor":18},{"not_picked":["Twin Strike","Barricade","Reckless Charge"],"picked":"SKIP","floor":23},{"not_picked":["Twin Strike","Barricade","Reckless Charge"],"picked":"SKIP","floor":23},{"not_picked":["Heavy Blade","Flex+1"],"picked":"Disarm","floor":24},{"not_picked":["Iron Wave+1","Armaments","Cleave+1"],"picked":"SKIP","floor":28},{"not_picked":["Berserk","True Grit+1","Cleave+1"],"picked":"SKIP","floor":29},{"not_picked":["True Grit","Clothesline+1","Anger"],"picked":"SKIP","floor":31},{"not_picked":["Berserk","Limit Break"],"picked":"Offering","floor":33},{"not_picked":["Ghostly Armor","Blood for Blood+1","Thunderclap"],"picked":"SKIP","floor":35},{"not_picked":["Feel No Pain","Heavy Blade+1"],"picked":"Perfected Strike+1","floor":38},{"not_picked":["Wild Strike+1","Seeing Red+1"],"picked":"Demon Form","floor":42},{"not_picked":["Perfected Strike+1","Flex"],"picked":"Flame Barrier","floor":45},{"not_picked":["Forethought","Enlightenment"],"picked":"Flash of Steel","floor":48},{"not_picked":["Thinking Ahead","Jack Of All Trades"],"picked":"Flash of Steel","floor":48}],"player_experience":789060,"relics_obtained":[{"floor":7,"key":"Bronze Scales"},{"floor":9,"key":"Juzu Bracelet"},{"floor":13,"key":"Omamori"},{"floor":14,"key":"Odd Mushroom"},{"floor":22,"key":"Red Mask"},{"floor":23,"key":"Bottled Flame"},{"floor":26,"key":"White Beast Statue"},{"floor":28,"key":"Ancient Tea Set"},{"floor":34,"key":"Bag of Marbles"},{"floor":34,"key":"Ornamental Fan"},{"floor":34,"key":"Incense Burner"},{"floor":39,"key":"Lizard Tail"},{"floor":43,"key":"Self Forming Clay"},{"floor":45,"key":"Boot"}],"event_choices":[{"cards_removed":["Defend_R"],"damage_healed":0,"gold_gain":0,"player_choice":"Purged","damage_taken":0,"max_hp_gain":0,"max_hp_loss":0,"event_name":"Purifier","floor":3,"gold_loss":0},{"damage_healed":0,"gold_gain":0,"player_choice":"Fought Mushrooms","damage_taken":0,"max_hp_gain":0,"max_hp_loss":0,"event_name":"Mushrooms","floor":14,"gold_loss":0},{"damage_healed":0,"gold_gain":0,"cards_transformed":["Strike_R"],"player_choice":"Transformed","damage_taken":0,"max_hp_gain":0,"max_hp_loss":0,"event_name":"Transmorgrifier","floor":20,"gold_loss":0,"cards_obtained":["Combust"]},{"damage_healed":0,"gold_gain":0,"player_choice":"Opened","damage_taken":0,"relics_obtained":["Strawberry"],"max_hp_gain":0,"max_hp_loss":0,"event_name":"The Mausoleum","floor":21,"gold_loss":0,"cards_obtained":["Writhe"]},{"damage_healed":0,"gold_gain":0,"player_choice":"Fought Bandits","damage_taken":0,"max_hp_gain":0,"max_hp_loss":0,"event_name":"Masked Bandits","floor":22,"gold_loss":0},{"cards_removed":["Strike_R"],"damage_healed":0,"gold_gain":0,"player_choice":"Upgrade and Remove","damage_taken":0,"max_hp_gain":0,"max_hp_loss":0,"event_name":"Designer","floor":30,"gold_loss":90,"cards_upgraded":["Twin Strike"]},{"damage_healed":0,"gold_gain":0,"player_choice":"Ignored","damage_taken":0,"max_hp_gain":0,"max_hp_loss":0,"event_name":"Mysterious Sphere","floor":36,"gold_loss":0},{"damage_healed":0,"gold_gain":0,"player_choice":"Fight","damage_taken":0,"max_hp_gain":0,"max_hp_loss":0,"event_name":"MindBloom","floor":39,"gold_loss":0},{"damage_healed":0,"gold_gain":0,"player_choice":"Max HP","damage_taken":0,"max_hp_gain":0,"max_hp_loss":4,"event_name":"Winding Halls","floor":40,"gold_loss":0},{"damage_healed":0,"gold_gain":0,"player_choice":"Bought 0 Potions","damage_taken":0,"max_hp_gain":0,"max_hp_loss":0,"event_name":"The Woman in Blue","floor":41,"gold_loss":0},{"damage_healed":0,"gold_gain":222,"player_choice":"Wore Mask","damage_taken":0,"max_hp_gain":0,"max_hp_loss":0,"event_name":"Tomb of Lord Red Mask","floor":46,"gold_loss":0},{"damage_healed":0,"gold_gain":0,"player_choice":"Memory 3","damage_taken":10,"max_hp_gain":0,"max_hp_loss":0,"event_name":"SensoryStone","floor":48,"gold_loss":0}],"is_beta":false,"boss_relics":[{"not_picked":["Snecko Eye","Busted Crown"],"picked":"Sozu"},{"not_picked":["Tiny House","Runic Dome"],"picked":"Calling Bell"}],"items_purged_floors":[37,44],"is_endless":false,"potions_floor_spawned":[12,13,16,18,23,28,29,31,33,35,38,39,42,45],"ascension_level":0}