{"gold_per_floor":[111,111,186,197,197,197,218,0,73,102,138,156,180,180],"floor_reached":14,"playtime":260,"items_purged":[],"score":90,"play_id":"526c047f-bca8-4780-9c83-9b131abc6fb1","local_time":"20220415054226","is_ascension_mode":false,"campfire_choices":[{"data":"Bash","floor":6.0,"key":"SMITH"}],"neow_cost":"NONE","seed_source_timestamp":492893346049874,"circlet_count":0,"master_deck":["Strike_R","Strike_R","Strike_R","Strike_R","Strike_R","Defend_R","Defend_R+1","Defend_R","Defend_R","Bash+1","Whirlwind+1","Cleave","Disarm","Uppercut","Perfected Strike"],"special_seed":0,"relics":["Burning Blood","Bag of Preparation","Golden Idol","Membership Card","Mummified Hand","Odd Mushroom","Molten Egg 2"],"potions_floor_usage":[],"damage_taken":[{"damage":1.0,"enemies":"Cultist","floor":1.0,"turns":4.0},{"damage":8.0,"enemies":"Jaw Worm","floor":4.0,"turns":4.0},{"damage":0.0,"enemies":"Small Slimes","floor":7.0,"turns":2.0},{"damage":12,"enemies":"The Mushroom Lair","floor":10,"turns":3},{"damage":18,"enemies":"Gremlin Nob","floor":11,"turns":4},{"damage":8,"enemies":"Blue Slaver","floor":12,"turns":4},{"damage":0,"enemies":"2 Fungi Beasts","floor":13,"turns":2},{"damage":0,"enemies":"Lagavulin","floor":14,"turns":3}],"seed_played":"-5495521590436633633","potions_obtained":[{"floor":1.0,"key":"SneckoOil"},{"floor":7.0,"key":"ColorlessPotion"},{"floor":13,"key":"FearPotion"}],"is_trial":false,"path_per_floor":["M","?","?","M","?","R","M","$","T","?","E","M","M","E"],"character_chosen":"IRONCLAD","items_purchased":["Membership Card","Disarm","Uppercut"],"campfire_rested":0,"item_purchase_floors":[8,8,8],"current_hp_per_floor":[80,64,53,51,51,51,57,57,57,51,39,37,43,43],"gold":180,"neow_bonus":"RANDOM_COMMON_RELIC","is_prod":false,"is_daily":false,"chose_seed":false,"campfire_upgraded":1,"win_rate":0,"timestamp":1650019346,"path_taken":["M","?","?","M","?","R","M","?","T","?","E","M","?","E"],"build_version":"2022-03-07","purchased_purges":0,"victory":false,"max_hp_per_floor":[80,80,80,80,74,74,74,74,74,74,74,74,74,74],"card_choices":[{"not_picked":["Spot Weakness","Seeing Red"],"picked":"Whirlwind","floor":1.0},{"not_picked":["Headbutt","Iron Wave","Flex"],"picked":"SKIP","floor":4.0},{"not_picked":["Wild Strike","Ghostly Armor"],"picked":"Cleave","floor":7.0},{"not_picked":["Shrug It Off","Disarm"],"picked":"Perfected Strike","floor":10},{"not_picked":["Dark Embrace","Anger+1","Flex"],"picked":"SKIP","floor":11},{"not_picked":["Power Through","Dual Wield","Sever Soul+1"],"picked":"SKIP","floor":12},{"not_picked":["Iron Wave+1","Dual Wield","Warcry"],"picked":"SKIP","floor":13}],"player_experience":791134,"relics_obtained":[{"floor":9.0,"key":"Mummified Hand"},{"floor":10,"key":"Odd Mushroom"},{"floor":11,"key":"Molten Egg 2"}],"event_choices":[{"damage_healed":0.0,"max_hp_gain":0.0,"max_hp_loss":0.0,"gold_gain":0.0,"event_name":"Shining Light","player_choice":"Entered Light","floor":2.0,"gold_loss":0.0,"damage_taken":16.0,"cards_upgraded":["Whirlwind","Defend_R"]},{"damage_healed":0.0,"max_hp_gain":0.0,"max_hp_loss":0.0,"gold_gain":75.0,"event_name":"World of Goop","player_choice":"Gather Gold","floor":3.0,"gold_loss":0.0,"damage_taken":11.0},{"damage_healed":0.0,"max_hp_gain":0.0,"max_hp_loss":6.0,"gold_gain":0.0,"event_name":"Golden Idol","player_choice":"Lose Max HP","floor":5.0,"gold_loss":0.0,"damage_taken":0.0,"relics_obtained":["Golden Idol"]},{"damage_healed":0,"gold_gain":0,"player_choice":"Fought Mushrooms","damage_taken":0,"max_hp_gain":0,"max_hp_loss":0,"event_name":"Mushrooms","floor":10,"gold_loss":0}],"is_beta":false,"boss_relics":[],"items_purged_floors":[],"is_endless":false,"potions_floor_spawned":[1,7,13],"killed_by":"Lagavulin","ascension_level":0}