{"gold_per_floor":[118,61,61,61,61,61,105,105,105,120,120,160,160,184,184,279,279,298,323,26,98,122,122,166,166,166,200,213,229,273,286,286,377,377,396,410,431,256,256,272,312,325,351,395,408,278,313,350,362,374,386],"floor_reached":51,"playtime":4531,"items_purged":["Strike_R","Defend_R"],"score":1564,"play_id":"3b2e4f3f-228b-4ea1-b2fa-0f202fb14319","local_time":"20220427190822","is_ascension_mode":true,"campfire_choices":[{"data":"Pommel Strike","floor":6.0,"key":"SMITH"},{"data":"Shockwave","floor":8.0,"key":"SMITH"},{"floor":11.0,"key":"REST"},{"floor":15.0,"key":"REST"},{"data":"Uppercut","floor":23.0,"key":"SMITH"},{"data":"Immolate","floor":32.0,"key":"SMITH"},{"floor":49.0,"key":"RECALL"}],"neow_cost":"PERCENT_DAMAGE","seed_source_timestamp":0,"circlet_count":0,"master_deck":["AscendersBane","Strike_R+1","Strike_R+1","Defend_R","Bash","Headbutt","Limit Break","Pummel","Pommel Strike+1","Shockwave+1","Blood for Blood","Uppercut+1","Perfected Strike","Demon Form+1","Uppercut","Reaper","Blood for Blood","Ghostly Armor","Heavy Blade","Immolate+1","Shockwave","Barricade+1","Hemokinesis","Armaments+1","Combust+1"],"special_seed":0,"relics":["Burning Blood","Paper Frog","Golden Idol","Blue Candle","Frozen Egg 2","Centennial Puzzle","Snecko Eye","Membership Card","Meat on the Bone","Whetstone","Kunai","TungstenRod","PreservedInsect","Runic Dome","Self Forming Clay","Singing Bowl","MealTicket","Molten Egg 2","Strange Spoon","MawBank"],"potions_floor_usage":[51],"damage_taken":[{"damage":12.0,"enemies":"Small Slimes","floor":1.0,"turns":4.0},{"damage":48.0,"enemies":"Lagavulin","floor":7.0,"turns":7.0},{"damage":4.0,"enemies":"Jaw Worm","floor":10.0,"turns":3.0},{"damage":30.0,"enemies":"Gremlin Nob","floor":12.0,"turns":4.0},{"damage":1.0,"enemies":"2 Louse","floor":14.0,"turns":2.0},{"damage":22.0,"enemies":"The Guardian","floor":16.0,"turns":5.0},{"damage":0.0,"enemies":"Chosen","floor":18.0,"turns":2.0},{"damage":7.0,"enemies":"Spheric Guardian","floor":19.0,"turns":3.0},{"damage":18.0,"enemies":"Snake Plant","floor":22.0,"turns":3.0},{"damage":23.0,"enemies":"Book of Stabbing","floor":24.0,"turns":3.0},{"damage":5.0,"enemies":"Gremlin Leader","floor":27.0,"turns":4.0},{"damage":11.0,"enemies":"Centurion and Healer","floor":28.0,"turns":3.0},{"damage":0.0,"enemies":"Cultist and Chosen","floor":29.0,"turns":5.0},{"damage":12.0,"enemies":"Slavers","floor":30.0,"turns":2.0},{"damage":12.0,"enemies":"Snake Plant","floor":31.0,"turns":2.0},{"damage":20.0,"enemies":"Automaton","floor":33.0,"turns":6.0},{"damage":2.0,"enemies":"Orb Walker","floor":35.0,"turns":2.0},{"damage":0.0,"enemies":"3 Shapes","floor":36.0,"turns":2.0},{"damage":15.0,"enemies":"Sphere and 2 Shapes","floor":37.0,"turns":5.0},{"damage":0.0,"enemies":"Transient","floor":40.0,"turns":6.0},{"damage":1.0,"enemies":"Nemesis","floor":41.0,"turns":3.0},{"damage":2.0,"enemies":"Maw","floor":42.0,"turns":4.0},{"damage":21.0,"enemies":"Reptomancer","floor":44.0,"turns":3.0},{"damage":7.0,"enemies":"Sphere and 2 Shapes","floor":45.0,"turns":3.0},{"damage":41.0,"enemies":"Nemesis","floor":47.0,"turns":5.0},{"damage":13.0,"enemies":"4 Shapes","floor":48.0,"turns":7.0},{"damage":94.0,"enemies":"Awakened One","floor":50.0,"turns":8.0},{"damage":53,"enemies":"Donu and Deca","floor":51,"turns":4}],"seed_played":"-6710511956989312327","potions_obtained":[{"floor":1.0,"key":"PowerPotion"},{"floor":14.0,"key":"SneckoOil"},{"floor":19.0,"key":"Weak Potion"},{"floor":27.0,"key":"Swift Potion"},{"floor":28.0,"key":"Dexterity Potion"},{"floor":29.0,"key":"AttackPotion"},{"floor":33.0,"key":"Explosive Potion"},{"floor":35.0,"key":"Energy Potion"},{"floor":42.0,"key":"GamblersBrew"},{"floor":47.0,"key":"DistilledChaos"},{"floor":48.0,"key":"Energy Potion"}],"is_trial":false,"path_per_floor":["M","$","?","?","?","R","E","R","T","M","R","E","?","M","R","B",null,"M","M","$","T","M","R","E","?","T","E","M","M","E","M","R","B",null,"M","M","M","$","?","M","E","M","T","E","M","$","E","M","R","B","B"],"character_chosen":"IRONCLAD","items_purchased":["Pommel Strike","Membership Card","Meat on the Bone","Self Forming Clay","Strange Spoon"],"campfire_rested":2,"item_purchase_floors":[2,20,20,38,46],"current_hp_per_floor":[44,44,33,33,55,55,13,13,13,15,35,11,11,16,36,20,56,62,61,61,61,49,49,44,44,44,64,63,68,62,56,56,42,62,66,68,66,66,66,68,70,72,72,59,60,75,54,78,78,24,0],"gold":386,"neow_bonus":"TRANSFORM_TWO_CARDS","is_prod":false,"is_daily":false,"chose_seed":false,"campfire_upgraded":4,"win_rate":0,"timestamp":1651104502,"path_taken":["M","$","?","?","?","R","E","R","T","M","R","E","?","?","R","BOSS","M","M","$","?","M","R","E","?","T","E","M","M","E","M","R","BOSS","M","M","M","$","?","M","E","?","T","E","M","$","E","M","R","BOSS","BOSS"],"build_version":"2022-03-07","purchased_purges":2,"victory":false,"max_hp_per_floor":[75,75,75,68,68,68,68,68,68,68,68,68,68,68,68,68,68,68,68,68,68,68,68,68,68,68,68,68,68,68,68,68,68,68,68,68,68,68,68,68,70,72,72,74,76,76,76,78,78,78,78],"relic_stats":{"Singing Bowl":10,"counters":[28,110],"Golden Idol":193,"Self Forming Clay":[81],"Blue Candle":[8],"PreservedInsect":162,"Whetstone":["Strike_R","Strike_R"],"MawBank":48,"Burning Blood":139,"Strange Spoon":[11],"Centennial Puzzle":[60],"Snecko Eye":[161,156,156,172,63],"MealTicket":15,"Membership Card":435,"Kunai":[42],"obtain_stats":[{"Singing Bowl":41,"Golden Idol":4,"Self Forming Clay":38,"Blue Candle":7,"PreservedInsect":30,"Whetstone":24,"Frozen Egg 2":9,"MawBank":47,"Burning Blood":0,"Runic Dome":34,"Strange Spoon":46,"Centennial Puzzle":12,"Snecko Eye":17,"MealTicket":43,"Molten Egg 2":44,"Membership Card":20,"Kunai":26,"TungstenRod":27,"Paper Frog":3,"Meat on the Bone":20},{"Singing Bowl":21,"Golden Idol":1,"Self Forming Clay":19,"Blue Candle":2,"PreservedInsect":14,"Whetstone":10,"Frozen Egg 2":2,"MawBank":25,"Burning Blood":0,"Runic Dome":16,"Strange Spoon":24,"Centennial Puzzle":4,"Snecko Eye":6,"MealTicket":22,"Molten Egg 2":23,"Membership Card":8,"Kunai":10,"TungstenRod":11,"Paper Frog":1,"Meat on the Bone":8},{"Singing Bowl":76,"Golden Idol":4,"Self Forming Clay":67,"Blue Candle":11,"PreservedInsect":50,"Whetstone":36,"Frozen Egg 2":11,"MawBank":91,"Burning Blood":0,"Runic Dome":58,"Strange Spoon":86,"Centennial Puzzle":18,"Snecko Eye":25,"MealTicket":80,"Molten Egg 2":83,"Membership Card":30,"Kunai":36,"TungstenRod":40,"Paper Frog":4,"Meat on the Bone":30}],"TungstenRod":50,"Meat on the Bone":24},"card_choices":[{"not_picked":["Havoc","Headbutt"],"picked":"Pummel","floor":1.0},{"not_picked":["Blood for Blood","Iron Wave"],"picked":"Shockwave","floor":7.0},{"not_picked":["Sword Boomerang","Reckless Charge"],"picked":"Blood for Blood","floor":10.0},{"not_picked":["Perfected Strike","Corruption+1"],"picked":"Uppercut","floor":12.0},{"not_picked":["Dark Embrace+1","Twin Strike"],"picked":"Perfected Strike","floor":14.0},{"not_picked":["Double Tap","Berserk+1"],"picked":"Demon Form+1","floor":16.0},{"not_picked":["Wild Strike","Havoc+1","Ghostly Armor+1"],"picked":"SKIP","floor":18.0},{"not_picked":["Flex+1","Sword Boomerang"],"picked":"Uppercut","floor":19.0},{"not_picked":["Clash","Rampage","Feel No Pain+1"],"picked":"SKIP","floor":22.0},{"not_picked":["Heavy Blade","Headbutt"],"picked":"Reaper","floor":24.0},{"not_picked":["Sword Boomerang+1","Infernal Blade"],"picked":"Blood for Blood","floor":27.0},{"not_picked":["Inflame+1","Headbutt"],"picked":"Ghostly Armor","floor":28.0},{"not_picked":["Headbutt","Cleave"],"picked":"Heavy Blade","floor":29.0},{"not_picked":["Flex","Clash+1"],"picked":"Immolate","floor":30.0},{"not_picked":["Second Wind","Fire Breathing+1"],"picked":"Shockwave","floor":31.0},{"not_picked":["Bludgeon","Immolate"],"picked":"Barricade+1","floor":33.0},{"not_picked":["Clothesline","Reckless Charge"],"picked":"Hemokinesis","floor":35.0},{"not_picked":["Battle Trance","Warcry"],"picked":"Armaments+1","floor":36.0},{"not_picked":["Whirlwind","Anger","Twin Strike"],"picked":"SKIP","floor":37.0},{"not_picked":["Bloodletting+1","Warcry","Rage"],"picked":"SKIP","floor":40.0},{"not_picked":["Barricade+1","Intimidate+1","Dropkick"],"picked":"Singing Bowl","floor":41.0},{"not_picked":["Fire Breathing+1","Infernal Blade+1","Wild Strike+1"],"picked":"Singing Bowl","floor":42.0},{"not_picked":["Reckless Charge+1","Berserk+1","Rage+1"],"picked":"Singing Bowl","floor":44.0},{"not_picked":["Warcry+1","Armaments","Spot Weakness+1"],"picked":"Singing Bowl","floor":45.0},{"not_picked":["Rampage+1","Uppercut+1"],"picked":"Combust+1","floor":47.0},{"not_picked":["Clash+1","Anger+1","Dropkick+1"],"picked":"Singing Bowl","floor":48.0}],"player_experience":859129,"relics_obtained":[{"floor":7.0,"key":"Blue Candle"},{"floor":9.0,"key":"Frozen Egg 2"},{"floor":12.0,"key":"Centennial Puzzle"},{"floor":24.0,"key":"Whetstone"},{"floor":26.0,"key":"Kunai"},{"floor":27.0,"key":"TungstenRod"},{"floor":30.0,"key":"PreservedInsect"},{"floor":41.0,"key":"Singing Bowl"},{"floor":43.0,"key":"MealTicket"},{"floor":44.0,"key":"Molten Egg 2"},{"floor":47.0,"key":"MawBank"}],"event_choices":[{"damage_healed":0.0,"max_hp_gain":0.0,"max_hp_loss":0.0,"gold_gain":0.0,"event_name":"Scrap Ooze","player_choice":"Success","floor":3.0,"gold_loss":0.0,"damage_taken":11.0,"relics_obtained":["Paper Frog"]},{"damage_healed":0.0,"max_hp_gain":0.0,"max_hp_loss":7.0,"gold_gain":0.0,"event_name":"Golden Idol","player_choice":"Lose Max HP","floor":4.0,"gold_loss":0.0,"damage_taken":0.0,"relics_obtained":["Golden Idol"]},{"damage_healed":22.0,"max_hp_gain":0.0,"max_hp_loss":0.0,"gold_gain":0.0,"event_name":"Big Fish","player_choice":"Banana","floor":5.0,"gold_loss":0.0,"damage_taken":0.0},{"damage_healed":0.0,"max_hp_gain":0.0,"max_hp_loss":0.0,"gold_gain":0.0,"event_name":"Shining Light","player_choice":"Ignored","floor":13.0,"gold_loss":0.0,"damage_taken":0.0},{"cards_removed":["Strike_R"],"damage_healed":0.0,"max_hp_gain":0.0,"max_hp_loss":0.0,"gold_gain":0.0,"event_name":"Wheel of Change","player_choice":"Card Removal","floor":25.0,"gold_loss":0.0,"damage_taken":0.0},{"cards_removed":["Defend_R"],"damage_healed":0.0,"max_hp_gain":0.0,"max_hp_loss":0.0,"gold_gain":0.0,"event_name":"Wheel of Change","player_choice":"Card Removal","floor":39.0,"gold_loss":0.0,"damage_taken":0.0}],"is_beta":false,"boss_relics":[{"not_picked":["Pandora\u0027s Box","Black Blood"],"picked":"Snecko Eye"},{"not_picked":["SlaversCollar","Philosopher\u0027s Stone"],"picked":"Runic Dome"}],"items_purged_floors":[38,46],"is_endless":false,"potions_floor_spawned":[1,14,19,27,28,29,33,35,42,47,48],"killed_by":"Donu and Deca","ascension_level":20}