{"gold_per_floor":[113,132,149,149,149,176,176,201,247,282,282,282,298,313,313,387,387,360,60,72,92,109,109,109,139,139,139,166,3,18,47,47,123,123,134,41,57,57,57,88,113,154,189,201,255,122,139,121,121,121,121,121,121,50,91,91],"floor_reached":57,"playtime":3914,"items_purged":["Strike_R","Strike_R","Strike_R"],"score":2936,"play_id":"6b6043e6-da4f-41fb-b6cd-45ea895ed8a6","local_time":"20220427035632","is_ascension_mode":true,"campfire_choices":[{"data":"Immolate","floor":7.0,"key":"SMITH"},{"data":"Perfected Strike","floor":11.0,"key":"SMITH"},{"data":"Uppercut","floor":15.0,"key":"SMITH"},{"data":"Flame Barrier","floor":23.0,"key":"SMITH"},{"floor":32.0,"key":"REST"},{"data":"Impervious","floor":44.0,"key":"SMITH"},{"floor":49.0,"key":"RECALL"},{"data":"Panacea","floor":53.0,"key":"SMITH"}],"neow_cost":"NONE","seed_source_timestamp":78987454549969,"circlet_count":0,"master_deck":["AscendersBane","Defend_R","Defend_R","Defend_R","Bash","Perfected Strike+1","Twin Strike","Shrug It Off","Immolate+1","Fire Breathing+1","Corruption+1","Uppercut+1","Barricade+1","Flame Barrier+1","Evolve+1","Sentinel+1","Battle Trance","Impervious+1","Feel No Pain+1","Demon Form+1","Ghostly Armor","Feel No Pain+1","Violence","Secret Technique","Panacea+1","Ghostly Armor","Flame Barrier","Seeing Red+1","Dark Embrace+1","Shrug It Off","Impervious+1","Body Slam"],"special_seed":0,"relics":["Burning Blood","Dream Catcher","Frozen Egg 2","Lantern","Pen Nib","Self Forming Clay","Mark of Pain","Membership Card","PreservedInsect","Bag of Preparation","Torii","Charon\u0027s Ashes","Du-Vu Doll","SlaversCollar","Question Card","MawBank","Strawberry","CeramicFish","Omamori","Anchor","DollysMirror","Shuriken"],"potions_floor_usage":[56],"damage_taken":[{"damage":2.0,"enemies":"Cultist","floor":1.0,"turns":4.0},{"damage":4.0,"enemies":"Small Slimes","floor":2.0,"turns":4.0},{"damage":0.0,"enemies":"2 Louse","floor":3.0,"turns":2.0},{"damage":8.0,"enemies":"Gremlin Nob","floor":6.0,"turns":3.0},{"damage":12.0,"enemies":"3 Sentries","floor":8.0,"turns":5.0},{"damage":37.0,"enemies":"Gremlin Nob","floor":10.0,"turns":4.0},{"damage":3.0,"enemies":"2 Fungi Beasts","floor":13.0,"turns":3.0},{"damage":0.0,"enemies":"Lots of Slimes","floor":14.0,"turns":1.0},{"damage":17.0,"enemies":"Hexaghost","floor":16.0,"turns":8.0},{"damage":12.0,"enemies":"2 Thieves","floor":18.0,"turns":4.0},{"damage":14.0,"enemies":"3 Byrds","floor":20.0,"turns":4.0},{"damage":11.0,"enemies":"3 Cultists","floor":21.0,"turns":5.0},{"damage":0.0,"enemies":"Snecko","floor":22.0,"turns":4.0},{"damage":0.0,"enemies":"Slavers","floor":25.0,"turns":1.0},{"damage":33.0,"enemies":"Gremlin Leader","floor":28.0,"turns":4.0},{"damage":0.0,"enemies":"Centurion and Healer","floor":30.0,"turns":2.0},{"damage":29.0,"enemies":"Slavers","floor":31.0,"turns":3.0},{"damage":1.0,"enemies":"Automaton","floor":33.0,"turns":7.0},{"damage":7.0,"enemies":"3 Darklings","floor":35.0,"turns":4.0},{"damage":0.0,"enemies":"Orb Walker","floor":37.0,"turns":4.0},{"damage":0.0,"enemies":"Giant Head","floor":40.0,"turns":6.0},{"damage":0.0,"enemies":"4 Shapes","floor":41.0,"turns":4.0},{"damage":0.0,"enemies":"Nemesis","floor":42.0,"turns":5.0},{"damage":2.0,"enemies":"Giant Head","floor":45.0,"turns":5.0},{"damage":0.0,"enemies":"Sphere and 2 Shapes","floor":47.0,"turns":3.0},{"damage":3.0,"enemies":"Awakened One","floor":50.0,"turns":8.0},{"damage":23.0,"enemies":"Time Eater","floor":51.0,"turns":8.0},{"damage":2.0,"enemies":"Shield and Spear","floor":55.0,"turns":4.0},{"damage":51,"enemies":"The Heart","floor":56,"turns":7}],"seed_played":"-4075458182321778848","potions_obtained":[{"floor":1.0,"key":"Fire Potion"},{"floor":8.0,"key":"LiquidBronze"},{"floor":14.0,"key":"Weak Potion"},{"floor":18.0,"key":"ElixirPotion"},{"floor":20.0,"key":"LiquidBronze"},{"floor":22.0,"key":"DistilledChaos"},{"floor":28.0,"key":"EntropicBrew"},{"floor":31.0,"key":"BlessingOfTheForge"},{"floor":37.0,"key":"Regen Potion"},{"floor":40.0,"key":"PowerPotion"},{"floor":41.0,"key":"SpeedPotion"},{"floor":47.0,"key":"FairyPotion"}],"is_trial":false,"path_per_floor":["M","M","M","?","?","E","R","E","T","E","R","?","M","M","R","B",null,"M","$","M","M","M","R","?","E","T","?","E","$","M","E","R","B",null,"M","$","M","?","T","E","M","E","T","R","E","$","M","$","R","B","B",null,"R","$","E","B",null],"character_chosen":"IRONCLAD","items_purchased":["Membership Card","Evolve+1","PreservedInsect","Charon\u0027s Ashes","Ghostly Armor","Anchor","Shrug It Off","DollysMirror"],"campfire_rested":1,"item_purchase_floors":[19,19,19,29,36,46,48,54],"current_hp_per_floor":[72,74,75,80,73,71,71,65,65,34,34,34,37,43,43,32,68,62,62,54,49,55,55,32,38,38,38,11,11,17,11,36,41,74,73,73,79,69,69,75,81,92,92,92,92,92,92,92,92,92,75,88,88,88,92,47],"gold":91,"neow_bonus":"RANDOM_COMMON_RELIC","is_prod":false,"is_daily":false,"chose_seed":false,"campfire_upgraded":6,"win_rate":0,"timestamp":1651049792,"path_taken":["M","?","?","?","?","E","R","E","T","E","R","?","M","M","R","BOSS","M","$","M","M","M","R","?","E","T","?","E","$","M","E","R","BOSS","M","?","M","?","?","E","M","E","T","R","E","$","M","$","R","BOSS","BOSS","R","$","E","BOSS"],"build_version":"2022-03-07","purchased_purges":3,"victory":true,"max_hp_per_floor":[75,75,75,80,80,80,80,80,80,80,80,80,80,80,80,80,80,80,80,80,80,80,80,85,85,85,85,85,85,85,85,85,85,85,85,85,85,85,85,85,85,92,92,92,92,92,92,92,92,92,92,92,92,92,92,92],"relic_stats":{"Torii":8,"counters":[29,126],"Self Forming Clay":[117],"CeramicFish":36,"Pen Nib":[14],"PreservedInsect":515,"Charon\u0027s Ashes":[550],"Bag of Preparation":[30],"Omamori":0,"Question Card":6,"MawBank":72,"Burning Blood":154,"Dream Catcher":1,"Shuriken":[2],"Membership Card":646,"obtain_stats":[{"Lantern":8,"Torii":28,"Self Forming Clay":10,"CeramicFish":43,"Pen Nib":9,"PreservedInsect":19,"Charon\u0027s Ashes":29,"Bag of Preparation":25,"Omamori":45,"Frozen Egg 2":6,"Question Card":39,"MawBank":40,"Burning Blood":0,"Du-Vu Doll":31,"SlaversCollar":34,"Dream Catcher":0,"Anchor":46,"DollysMirror":54,"Shuriken":55,"Strawberry":42,"Mark of Pain":17,"Membership Card":19},{"Lantern":5,"Torii":15,"Self Forming Clay":6,"CeramicFish":23,"Pen Nib":5,"PreservedInsect":10,"Charon\u0027s Ashes":15,"Bag of Preparation":14,"Omamori":24,"Frozen Egg 2":4,"Question Card":20,"MawBank":21,"Burning Blood":0,"Du-Vu Doll":17,"SlaversCollar":18,"Dream Catcher":0,"Anchor":24,"DollysMirror":27,"Shuriken":28,"Strawberry":23,"Mark of Pain":9,"Membership Card":10},{"Lantern":18,"Torii":56,"Self Forming Clay":22,"CeramicFish":91,"Pen Nib":18,"PreservedInsect":38,"Charon\u0027s Ashes":56,"Bag of Preparation":52,"Omamori":96,"Frozen Egg 2":13,"Question Card":76,"MawBank":82,"Burning Blood":0,"Du-Vu Doll":61,"SlaversCollar":68,"Dream Catcher":0,"Anchor":96,"DollysMirror":115,"Shuriken":119,"Strawberry":91,"Mark of Pain":34,"Membership Card":38}]},"card_choices":[{"not_picked":["Intimidate","Warcry"],"picked":"Perfected Strike","floor":1.0},{"not_picked":["Rupture","Wild Strike"],"picked":"Twin Strike","floor":2.0},{"not_picked":["True Grit","Headbutt"],"picked":"Shrug It Off","floor":3.0},{"not_picked":["Havoc","Clash"],"picked":"Immolate","floor":6.0},{"not_picked":["Havoc","Sentinel"],"picked":"Fire Breathing+1","floor":8.0},{"not_picked":["Uppercut","Hemokinesis"],"picked":"Corruption+1","floor":10.0},{"not_picked":["Dropkick","True Grit","Thunderclap"],"picked":"SKIP","floor":13.0},{"not_picked":["Headbutt","Flex","Reckless Charge"],"picked":"SKIP","floor":14.0},{"not_picked":["Juggernaut+1","Fiend Fire"],"picked":"Barricade+1","floor":16.0},{"not_picked":["Perfected Strike","Heavy Blade"],"picked":"Flame Barrier","floor":18.0},{"not_picked":["Whirlwind","Warcry"],"picked":"Sentinel+1","floor":20.0},{"not_picked":["Perfected Strike","Clothesline","Armaments"],"picked":"SKIP","floor":21.0},{"not_picked":["Clash","Fire Breathing+1","Bloodletting"],"picked":"SKIP","floor":22.0},{"not_picked":["Intimidate","Burning Pact"],"picked":"Battle Trance","floor":25.0},{"not_picked":["Anger","Flame Barrier"],"picked":"Impervious","floor":28.0},{"not_picked":["Whirlwind","Uppercut","Armaments"],"picked":"SKIP","floor":30.0},{"not_picked":["Iron Wave","Perfected Strike"],"picked":"Feel No Pain+1","floor":31.0},{"not_picked":["Berserk+1","Brutality+1"],"picked":"Demon Form+1","floor":33.0},{"not_picked":["Sword Boomerang+1","Wild Strike","Thunderclap"],"picked":"SKIP","floor":35.0},{"not_picked":["Armaments","Blood for Blood"],"picked":"Feel No Pain+1","floor":37.0},{"not_picked":["Enlightenment","Impatience"],"picked":"Violence","floor":38.0},{"not_picked":["Chrysalis","Magnetism+1"],"picked":"Secret Technique","floor":38.0},{"not_picked":["Mind Blast","Dramatic Entrance"],"picked":"Panacea","floor":38.0},{"not_picked":["Iron Wave","Flex","Anger+1"],"picked":"Ghostly Armor","floor":40.0},{"not_picked":["Clothesline","Perfected Strike+1","Thunderclap"],"picked":"Flame Barrier","floor":41.0},{"not_picked":["Dropkick+1","Anger","Clash"],"picked":"Seeing Red+1","floor":42.0},{"not_picked":["Armaments","Blood for Blood+1","Sever Soul"],"picked":"Dark Embrace+1","floor":45.0},{"not_picked":["Warcry","Infernal Blade","Juggernaut+1","Twin Strike"],"picked":"SKIP","floor":47.0},{"not_picked":["Headbutt","Sentinel","Seeing Red+1"],"picked":"Body Slam","floor":55.0}],"player_experience":850457,"relics_obtained":[{"floor":6.0,"key":"Frozen Egg 2"},{"floor":8.0,"key":"Lantern"},{"floor":9.0,"key":"Pen Nib"},{"floor":10.0,"key":"Self Forming Clay"},{"floor":25.0,"key":"Bag of Preparation"},{"floor":28.0,"key":"Torii"},{"floor":31.0,"key":"Du-Vu Doll"},{"floor":39.0,"key":"Question Card"},{"floor":40.0,"key":"MawBank"},{"floor":42.0,"key":"Strawberry"},{"floor":43.0,"key":"CeramicFish"},{"floor":45.0,"key":"Omamori"},{"floor":55.0,"key":"Shuriken"}],"event_choices":[{"damage_healed":0.0,"max_hp_gain":5.0,"max_hp_loss":0.0,"gold_gain":0.0,"event_name":"Big Fish","player_choice":"Donut","floor":4.0,"gold_loss":0.0,"damage_taken":0.0},{"cards_removed":["Defend_R"],"damage_healed":0.0,"max_hp_gain":0.0,"max_hp_loss":0.0,"gold_gain":0.0,"event_name":"Golden Wing","player_choice":"Card Removal","floor":5.0,"gold_loss":0.0,"damage_taken":7.0},{"damage_healed":0.0,"max_hp_gain":0.0,"max_hp_loss":0.0,"gold_gain":0.0,"cards_transformed":["Strike_R"],"event_name":"Living Wall","player_choice":"Change","floor":12.0,"gold_loss":0.0,"damage_taken":0.0,"cards_obtained":["Uppercut"]},{"damage_healed":0.0,"max_hp_gain":5.0,"max_hp_loss":0.0,"gold_gain":0.0,"event_name":"Forgotten Altar","player_choice":"Shed Blood","floor":24.0,"gold_loss":0.0,"damage_taken":28.0},{"cards_removed":["Strike_R"],"damage_healed":0.0,"max_hp_gain":0.0,"max_hp_loss":0.0,"gold_gain":0.0,"event_name":"Purifier","player_choice":"Purged","floor":27.0,"gold_loss":0.0,"damage_taken":0.0},{"damage_healed":0.0,"max_hp_gain":0.0,"max_hp_loss":0.0,"gold_gain":0.0,"event_name":"SensoryStone","player_choice":"Memory 3","floor":38.0,"gold_loss":0.0,"damage_taken":10.0}],"is_beta":false,"boss_relics":[{"not_picked":["Philosopher\u0027s Stone","Velvet Choker"],"picked":"Mark of Pain"},{"not_picked":["Runic Pyramid","Busted Crown"],"picked":"SlaversCollar"}],"items_purged_floors":[19,36,46],"is_endless":false,"potions_floor_spawned":[1,8,14,18,20,22,28,31,37,40,41,47],"ascension_level":20}