{"gold_per_floor":[212,5,5,16,26,26,16,47,47,74,74,85,85,114,114,191,191,210,225,10,42,58,58,84,84,84,109,126,161,161,188,188,263,263,276,276,290,290,303,335,346,381,381,400,420,430,459,95,95,95,95,95,95,20,47,47],"floor_reached":57,"playtime":4758,"items_purged":["Strike_R","Strike_R","Strike_R","Defend_R"],"score":3034,"play_id":"7721aea2-2c26-42f8-95a0-34804020a9f4","local_time":"20220427052345","is_ascension_mode":true,"campfire_choices":[{"data":"Pommel Strike","floor":6.0,"key":"SMITH"},{"data":"Inflame","floor":11.0,"key":"SMITH"},{"data":"Bash","floor":13.0,"key":"SMITH"},{"data":"Pommel Strike","floor":15.0,"key":"SMITH"},{"data":"Uppercut","floor":23.0,"key":"SMITH"},{"data":"Shockwave","floor":25.0,"key":"SMITH"},{"data":"Inflame","floor":32,"key":"SMITH"},{"floor":49,"key":"RECALL"},{"data":"Inflame","floor":53,"key":"SMITH"}],"neow_cost":"NONE","seed_source_timestamp":83296814916092,"circlet_count":0,"master_deck":["AscendersBane","Strike_R","Defend_R","Defend_R","Defend_R","Bash+1","Inflame+1","Pommel Strike+1","Pommel Strike+1","Clothesline+1","Twin Strike+1","Shrug It Off","Impervious","Cleave","Inflame+1","Battle Trance","Flash of Steel","Uppercut+1","Offering","Shockwave+1","Disarm+1","Feel No Pain","True Grit+1","Shrug It Off+1","Impervious+1","Inflame+1","Deep Breath+1","Secret Technique+1","Good Instincts+1","Bloodletting+1","Rage+1","Shockwave+1","Dropkick+1","Offering+1"],"special_seed":0,"relics":["Burning Blood","Membership Card","Self Forming Clay","Bag of Marbles","Paper Frog","Letter Opener","Orichalcum","Black Star","Vajra","Red Mask","Molten Egg 2","PreservedInsect","Mummified Hand","Blood Vial","Toxic Egg 2","Sundial","Bottled Flame","Regal Pillow","Question Card","Runic Pyramid","Strawberry","StrikeDummy","White Beast Statue","Whetstone","Frozen Egg 2","Bottled Lightning","OrangePellets","Centennial Puzzle","Shuriken","Gremlin Horn","Pen Nib"],"potions_floor_usage":[29,33,46,55,56,56],"damage_taken":[{"damage":1.0,"enemies":"2 Louse","floor":1.0,"turns":4.0},{"damage":4.0,"enemies":"Small Slimes","floor":4.0,"turns":4.0},{"damage":2.0,"enemies":"Jaw Worm","floor":5.0,"turns":5.0},{"damage":14.0,"enemies":"Exordium Thugs","floor":7.0,"turns":4.0},{"damage":22.0,"enemies":"Lagavulin","floor":8.0,"turns":6.0},{"damage":24.0,"enemies":"3 Sentries","floor":10.0,"turns":7.0},{"damage":0.0,"enemies":"Large Slime","floor":12.0,"turns":5.0},{"damage":0.0,"enemies":"Gremlin Nob","floor":14.0,"turns":3.0},{"damage":16.0,"enemies":"Hexaghost","floor":16.0,"turns":7.0},{"damage":14.0,"enemies":"Shell Parasite","floor":18.0,"turns":5.0},{"damage":9.0,"enemies":"3 Byrds","floor":19.0,"turns":7.0},{"damage":0.0,"enemies":"Masked Bandits","floor":21.0,"turns":4.0},{"damage":12.0,"enemies":"Snake Plant","floor":22.0,"turns":3.0},{"damage":12.0,"enemies":"Gremlin Leader","floor":24.0,"turns":3.0},{"damage":6.0,"enemies":"Slavers","floor":27.0,"turns":2.0},{"damage":6,"enemies":"3 Cultists","floor":28,"turns":3},{"damage":41,"enemies":"Gremlin Leader","floor":29,"turns":6},{"damage":8,"enemies":"Slavers","floor":31,"turns":5},{"damage":13,"enemies":"Automaton","floor":33,"turns":8},{"damage":6,"enemies":"3 Shapes","floor":35,"turns":7},{"damage":2,"enemies":"Orb Walker","floor":37,"turns":2},{"damage":3,"enemies":"Writhing Mass","floor":39,"turns":7},{"damage":7,"enemies":"Reptomancer","floor":40,"turns":5},{"damage":6,"enemies":"Spire Growth","floor":41,"turns":3},{"damage":10,"enemies":"Giant Head","floor":42,"turns":5},{"damage":6,"enemies":"Jaw Worm Horde","floor":44,"turns":4},{"damage":0,"enemies":"4 Shapes","floor":45,"turns":3},{"damage":11,"enemies":"3 Darklings","floor":46,"turns":4},{"damage":6,"enemies":"Reptomancer","floor":47,"turns":2},{"damage":31,"enemies":"Time Eater","floor":50,"turns":11},{"damage":26,"enemies":"Donu and Deca","floor":51,"turns":10},{"damage":6,"enemies":"Shield and Spear","floor":55,"turns":8},{"damage":69,"enemies":"The Heart","floor":56,"turns":9}],"seed_played":"5071693699516807093","potions_obtained":[{"floor":1.0,"key":"GamblersBrew"},{"floor":5.0,"key":"Explosive Potion"},{"floor":10.0,"key":"PowerPotion"},{"floor":18.0,"key":"LiquidMemories"},{"floor":21.0,"key":"EssenceOfSteel"},{"floor":28,"key":"Regen Potion"},{"floor":29,"key":"DistilledChaos"},{"floor":35,"key":"GamblersBrew"},{"floor":44,"key":"BloodPotion"},{"floor":45,"key":"LiquidMemories"},{"floor":46,"key":"Swift Potion"},{"floor":55,"key":"Swift Potion"}],"is_trial":false,"path_per_floor":["M","$","?","M","M","R","M","E","T","E","R","M","R","E","R","B",null,"M","M","$","?","M","R","E","R","T","E","M","E","?","E","R","B",null,"M","?","M","?","M","E","M","E","T","M","M","M","E","$","R","B","B",null,"R","$","E","B",null],"character_chosen":"IRONCLAD","items_purchased":["Membership Card","Vajra","Battle Trance","Flash of Steel","OrangePellets","Centennial Puzzle","Shuriken"],"campfire_rested":0,"item_purchase_floors":[2,20,20,20,48,48,48],"current_hp_per_floor":[73,73,68,70,74,74,66,50,50,32,32,38,38,44,44,34,65,57,54,54,60,54,54,48,48,48,48,50,32,32,32,32,27,63,65,55,61,61,66,74,76,74,74,76,82,82,82,82,82,57,39,71,71,71,73,12],"gold":47,"neow_bonus":"HUNDRED_GOLD","is_prod":false,"is_daily":false,"chose_seed":false,"campfire_upgraded":8,"win_rate":0,"timestamp":1651055025,"path_taken":["M","$","?","M","M","R","M","E","T","E","R","M","R","E","R","BOSS","M","M","$","?","M","R","E","R","T","E","M","E","?","E","R","BOSS","M","?","M","?","?","E","?","E","T","M","M","M","E","$","R","BOSS","BOSS","R","$","E","BOSS"],"build_version":"2022-03-07","purchased_purges":4,"victory":true,"max_hp_per_floor":[75,75,75,75,75,75,75,75,75,75,75,75,75,75,75,75,75,75,75,75,75,75,75,75,75,75,75,75,75,75,75,75,75,75,75,75,75,75,75,82,82,82,82,82,82,82,82,82,82,82,82,82,82,82,82,82],"relic_stats":{"Regal Pillow":0,"Gremlin Horn":[0,0],"counters":[33,171],"Self Forming Clay":[243],"PreservedInsect":474,"Pen Nib":[1],"Letter Opener":[299],"Whetstone":["Clothesline","Twin Strike"],"Orichalcum":[156],"Question Card":15,"Burning Blood":196,"White Beast Statue":[0.0,0.0,0.0,0.4,0.0,0.6000000000000001,0.0,0.0,0.0,0.0,0.0,2.6952000000000003],"Blood Vial":30,"OrangePellets":[8],"Bottled Flame":"Pommel Strike","Centennial Puzzle":[12],"Mummified Hand":[78],"Sundial":[16],"Shuriken":[10],"Black Star":8,"Membership Card":690,"Bottled Lightning":"Battle Trance","obtain_stats":[{"Regal Pillow":31,"Gremlin Horn":55,"Vajra":20,"Whetstone":42,"Burning Blood":0,"Blood Vial":27,"Centennial Puzzle":48,"Mummified Hand":26,"Sundial":29,"Strawberry":40,"Red Mask":21,"Toxic Egg 2":27,"Paper Frog":9,"Runic Pyramid":34,"Self Forming Clay":3,"PreservedInsect":24,"Pen Nib":55,"Letter Opener":10,"Orichalcum":14,"Frozen Egg 2":47,"Question Card":31,"White Beast Statue":42,"OrangePellets":48,"Bottled Flame":29,"Shuriken":48,"Molten Egg 2":24,"Bag of Marbles":8,"Black Star":17,"Membership Card":2,"Bottled Lightning":47,"StrikeDummy":40},{"Regal Pillow":18,"Gremlin Horn":32,"Vajra":11,"Whetstone":25,"Burning Blood":0,"Blood Vial":15,"Centennial Puzzle":29,"Mummified Hand":14,"Sundial":17,"Strawberry":23,"Red Mask":12,"Toxic Egg 2":15,"Paper Frog":5,"Runic Pyramid":19,"Self Forming Clay":1,"PreservedInsect":14,"Pen Nib":32,"Letter Opener":6,"Orichalcum":8,"Frozen Egg 2":29,"Question Card":18,"White Beast Statue":25,"OrangePellets":29,"Bottled Flame":17,"Shuriken":29,"Molten Egg 2":14,"Bag of Marbles":5,"Black Star":9,"Membership Card":1,"Bottled Lightning":29,"StrikeDummy":23},{"Regal Pillow":83,"Gremlin Horn":162,"Vajra":57,"Whetstone":120,"Burning Blood":0,"Blood Vial":69,"Centennial Puzzle":133,"Mummified Hand":67,"Sundial":78,"Strawberry":112,"Red Mask":61,"Toxic Egg 2":69,"Paper Frog":23,"Runic Pyramid":91,"Self Forming Clay":4,"PreservedInsect":67,"Pen Nib":162,"Letter Opener":30,"Orichalcum":38,"Frozen Egg 2":133,"Question Card":83,"White Beast Statue":120,"OrangePellets":133,"Bottled Flame":78,"Shuriken":133,"Molten Egg 2":67,"Bag of Marbles":23,"Black Star":45,"Membership Card":4,"Bottled Lightning":133,"StrikeDummy":112}]},"card_choices":[{"not_picked":["Entrench","Second Wind"],"picked":"Inflame","floor":1.0},{"not_picked":["Flex","Clash"],"picked":"Pommel Strike","floor":4.0},{"not_picked":["Fire Breathing","Headbutt"],"picked":"Pommel Strike","floor":5.0},{"not_picked":["True Grit","Perfected Strike"],"picked":"Clothesline","floor":7.0},{"not_picked":["Bludgeon","Armaments"],"picked":"Twin Strike","floor":8.0},{"not_picked":["Iron Wave","Heavy Blade"],"picked":"Shrug It Off","floor":10.0},{"not_picked":["Perfected Strike","Flex","Heavy Blade"],"picked":"SKIP","floor":12.0},{"not_picked":["Twin Strike","Anger","Body Slam"],"picked":"SKIP","floor":14.0},{"not_picked":["Juggernaut","Fiend Fire"],"picked":"Impervious","floor":16.0},{"not_picked":["Reckless Charge","True Grit"],"picked":"Cleave","floor":18.0},{"not_picked":["Thunderclap","Twin Strike"],"picked":"Inflame","floor":19.0},{"not_picked":["Clash","Clothesline"],"picked":"Uppercut","floor":21.0},{"not_picked":["Second Wind","Burning Pact"],"picked":"Offering","floor":22.0},{"not_picked":["Reckless Charge+1","Warcry"],"picked":"Shockwave","floor":24.0},{"not_picked":["Warcry+1","Body Slam+1"],"picked":"Disarm+1","floor":27.0},{"not_picked":["Shrug It Off+1","Shockwave+1"],"picked":"Feel No Pain","floor":28},{"not_picked":["Headbutt+1","Fiend Fire+1"],"picked":"True Grit+1","floor":29},{"not_picked":["Bloodletting+1","Battle Trance+1"],"picked":"Shrug It Off+1","floor":31},{"not_picked":["Reaper+1","Exhume+1","Juggernaut"],"picked":"Impervious+1","floor":33},{"not_picked":["Body Slam+1","Wild Strike+1","Thunderclap+1"],"picked":"Inflame","floor":35},{"not_picked":["Panache","Madness+1","Dramatic Entrance+1"],"picked":"Deep Breath+1","floor":36},{"not_picked":["Metamorphosis+1","Jack Of All Trades+1","Violence+1"],"picked":"Secret Technique+1","floor":36},{"not_picked":["Enlightenment+1","Impatience+1","Madness+1"],"picked":"Good Instincts+1","floor":36},{"not_picked":["Armaments+1","Whirlwind+1","Flex+1"],"picked":"Bloodletting+1","floor":37},{"not_picked":["Sever Soul+1","True Grit+1","Havoc+1","Body Slam+1"],"picked":"SKIP","floor":39},{"not_picked":["Whirlwind+1","Fire Breathing","Perfected Strike+1","Brutality"],"picked":"SKIP","floor":40},{"not_picked":["Body Slam+1","Infernal Blade+1","Hemokinesis+1"],"picked":"Rage+1","floor":41},{"not_picked":["Spot Weakness+1","Second Wind+1","Wild Strike+1"],"picked":"Shockwave+1","floor":42},{"not_picked":["Sever Soul+1","Rampage+1","True Grit+1","Anger+1"],"picked":"SKIP","floor":44},{"not_picked":["Thunderclap+1","Twin Strike+1","Reckless Charge+1"],"picked":"Dropkick+1","floor":45},{"not_picked":["Uppercut+1","Headbutt+1","Anger+1","Metallicize"],"picked":"SKIP","floor":46},{"not_picked":["Armaments+1","Havoc+1","Battle Trance+1","Whirlwind+1"],"picked":"SKIP","floor":47},{"not_picked":["Searing Blow+1","Feel No Pain+1","Uppercut+1"],"picked":"Offering+1","floor":55}],"player_experience":854371,"relics_obtained":[{"floor":8.0,"key":"Bag of Marbles"},{"floor":9.0,"key":"Paper Frog"},{"floor":10.0,"key":"Letter Opener"},{"floor":14.0,"key":"Orichalcum"},{"floor":21.0,"key":"Red Mask"},{"floor":24.0,"key":"Molten Egg 2"},{"floor":24.0,"key":"PreservedInsect"},{"floor":26.0,"key":"Mummified Hand"},{"floor":27.0,"key":"Blood Vial"},{"floor":27.0,"key":"Toxic Egg 2"},{"floor":29,"key":"Sundial"},{"floor":29,"key":"Bottled Flame"},{"floor":31,"key":"Regal Pillow"},{"floor":31,"key":"Question Card"},{"floor":40,"key":"Strawberry"},{"floor":40,"key":"StrikeDummy"},{"floor":42,"key":"White Beast Statue"},{"floor":42,"key":"Whetstone"},{"floor":47,"key":"Frozen Egg 2"},{"floor":47,"key":"Bottled Lightning"},{"floor":55,"key":"Gremlin Horn"},{"floor":55,"key":"Pen Nib"}],"event_choices":[{"damage_healed":0.0,"max_hp_gain":0.0,"max_hp_loss":0.0,"gold_gain":0.0,"event_name":"Scrap Ooze","player_choice":"Success","floor":3.0,"gold_loss":0.0,"damage_taken":5.0,"relics_obtained":["Self Forming Clay"]},{"damage_healed":0.0,"max_hp_gain":0.0,"max_hp_loss":0.0,"gold_gain":0.0,"event_name":"Masked Bandits","player_choice":"Fought Bandits","floor":21.0,"gold_loss":0.0,"damage_taken":0.0},{"damage_healed":0,"gold_gain":0,"player_choice":"0 cards matched","damage_taken":0,"max_hp_gain":0,"max_hp_loss":0,"event_name":"Match and Keep!","floor":30,"gold_loss":0,"cards_obtained":[]},{"damage_healed":0,"gold_gain":0,"player_choice":"Memory 3","damage_taken":10,"max_hp_gain":0,"max_hp_loss":0,"event_name":"SensoryStone","floor":36,"gold_loss":0},{"cards_removed":["Strike_R"],"damage_healed":0,"gold_gain":0,"player_choice":"Purged","damage_taken":0,"max_hp_gain":0,"max_hp_loss":0,"event_name":"Purifier","floor":38,"gold_loss":0}],"is_beta":false,"boss_relics":[{"not_picked":["Mark of Pain","Velvet Choker"],"picked":"Black Star"},{"not_picked":["Runic Cube","Busted Crown"],"picked":"Runic Pyramid"}],"items_purged_floors":[2,20,48,54],"is_endless":false,"potions_floor_spawned":[1,5,10,18,21,28,29,35,37,44,45,46,47,55],"ascension_level":20}