{"gold_per_floor":[118,43,55,55,18,18,32,56,56,1,337,337,372,396,396,489,489,504,394,417,437,458,496,496,60,60,60,60],"floor_reached":28,"playtime":1716,"items_purged":[],"score":496,"play_id":"06267fc6-46c0-40a5-a782-21d62682268c","local_time":"20220429114026","is_ascension_mode":true,"campfire_choices":[{"data":"Shockwave","floor":6.0,"key":"SMITH"},{"data":"Immolate","floor":12.0,"key":"SMITH"},{"floor":15.0,"key":"REST"},{"data":"Feed","floor":24.0,"key":"SMITH"},{"data":"Exhume","floor":27.0,"key":"SMITH"}],"neow_cost":"CURSE","seed_source_timestamp":0,"circlet_count":0,"master_deck":["AscendersBane","Strike_R+1","Strike_R","Strike_R","Strike_R","Defend_R","Defend_R","Defend_R","Defend_R","Bash","Sword Boomerang","Burning Pact","Shockwave+1","Power Through","Pommel Strike","Immolate+1","Metallicize","Reaper","Feed+1","Disarm","Warcry","Exhume+1"],"special_seed":0,"relics":["Burning Blood","Charon\u0027s Ashes","Golden Idol","Meat on the Bone","Old Coin","Dream Catcher","SlaversCollar","Regal Pillow","White Beast Statue","Mummified Hand"],"potions_floor_usage":[],"damage_taken":[{"damage":19.0,"enemies":"Small Slimes","floor":1.0,"turns":4.0},{"damage":14.0,"enemies":"2 Louse","floor":3.0,"turns":3.0},{"damage":0.0,"enemies":"Cultist","floor":7.0,"turns":4.0},{"damage":44.0,"enemies":"Gremlin Gang","floor":8.0,"turns":5.0},{"damage":10.0,"enemies":"3 Sentries","floor":11.0,"turns":6.0},{"damage":8.0,"enemies":"Gremlin Nob","floor":13.0,"turns":3.0},{"damage":18.0,"enemies":"Exordium Thugs","floor":14.0,"turns":4.0},{"damage":18.0,"enemies":"Slime Boss","floor":16.0,"turns":7.0},{"damage":28.0,"enemies":"2 Thieves","floor":18.0,"turns":4.0},{"damage":17.0,"enemies":"Chosen","floor":20.0,"turns":9.0},{"damage":43.0,"enemies":"Centurion and Healer","floor":21.0,"turns":7.0},{"damage":34.0,"enemies":"Snake Plant","floor":22.0,"turns":5.0},{"damage":10.0,"enemies":"Slavers","floor":23.0,"turns":3.0},{"damage":43,"enemies":"Sentry and Sphere","floor":28,"turns":7}],"seed_played":"8592906078149341226","potions_obtained":[{"floor":11.0,"key":"SteroidPotion"},{"floor":13.0,"key":"PowerPotion"},{"floor":14.0,"key":"SpeedPotion"},{"floor":21.0,"key":"BloodPotion"},{"floor":22.0,"key":"Swift Potion"}],"is_trial":false,"path_per_floor":["M","?","M","?","$","R","M","M","T","$","E","R","E","M","R","B",null,"M","?","M","M","M","E","R","$","T","R","M"],"character_chosen":"IRONCLAD","items_purchased":["Shockwave","Fire Potion","White Beast Statue","Exhume"],"campfire_rested":1,"item_purchase_floors":[5,10,25,25],"current_hp_per_floor":[55,55,47,47,47,47,53,15,15,15,23,23,33,33,53,49,63,48,48,44,25,26,42,42,42,42,42,0],"gold":60,"neow_bonus":"ONE_RARE_RELIC","is_prod":false,"is_daily":false,"chose_seed":false,"campfire_upgraded":4,"win_rate":0,"timestamp":1651250426,"path_taken":["M","?","M","?","$","R","M","M","T","$","E","R","E","M","R","BOSS","BOSS","M","?","M","?","?","E","R","$","T","R","M"],"build_version":"2022-03-07","purchased_purges":0,"victory":false,"max_hp_per_floor":[75,75,75,68,68,68,68,68,68,68,68,68,68,68,68,68,68,71,71,74,74,74,77,77,77,77,77,77],"relic_stats":{"Dream Catcher":1,"Regal Pillow":0,"counters":[14,71],"Golden Idol":89,"Mummified Hand":[1],"Charon\u0027s Ashes":[249],"obtain_stats":[{"SlaversCollar":17,"Dream Catcher":13,"Regal Pillow":23,"Golden Idol":4,"Mummified Hand":26,"Charon\u0027s Ashes":0,"Burning Blood":0,"White Beast Statue":25,"Meat on the Bone":9,"Old Coin":11},{"SlaversCollar":8,"Dream Catcher":6,"Regal Pillow":13,"Golden Idol":2,"Mummified Hand":13,"Charon\u0027s Ashes":0,"Burning Blood":0,"White Beast Statue":13,"Meat on the Bone":4,"Old Coin":5},{"SlaversCollar":36,"Dream Catcher":25,"Regal Pillow":64,"Golden Idol":7,"Mummified Hand":64,"Charon\u0027s Ashes":0,"Burning Blood":0,"White Beast Statue":64,"Meat on the Bone":16,"Old Coin":22}],"Burning Blood":78,"White Beast Statue":[0.0,0.0,0.0,0.0,0.0,1.0,0.0,0.0,0.0,0.0,0.0,0.0],"Meat on the Bone":72},"card_choices":[{"not_picked":["Perfected Strike","Dark Embrace"],"picked":"Sword Boomerang","floor":1.0},{"not_picked":["Armaments","Twin Strike"],"picked":"Burning Pact","floor":3.0},{"not_picked":["Evolve","Dark Embrace"],"picked":"Power Through","floor":7.0},{"not_picked":["Sever Soul","Sword Boomerang"],"picked":"Pommel Strike","floor":8.0},{"not_picked":["Sentinel","Perfected Strike"],"picked":"Immolate","floor":11.0},{"not_picked":["Blood for Blood","Sword Boomerang","Armaments"],"picked":"SKIP","floor":13.0},{"not_picked":["Warcry","Perfected Strike"],"picked":"Metallicize","floor":14.0},{"not_picked":["Perfected Strike","Iron Wave"],"picked":"Reaper","floor":15.0},{"not_picked":["Berserk","Fiend Fire"],"picked":"Feed","floor":16.0},{"not_picked":["Sever Soul","Iron Wave"],"picked":"Disarm","floor":18.0},{"not_picked":["Intimidate","Pummel","Havoc"],"picked":"SKIP","floor":20.0},{"not_picked":["Iron Wave","Entrench","Rampage"],"picked":"SKIP","floor":21.0},{"not_picked":["Headbutt+1","Hemokinesis","Sword Boomerang"],"picked":"SKIP","floor":22.0},{"not_picked":["Headbutt","Wild Strike"],"picked":"Warcry","floor":23.0}],"player_experience":879133,"relics_obtained":[{"floor":9.0,"key":"Meat on the Bone"},{"floor":11.0,"key":"Old Coin"},{"floor":13.0,"key":"Dream Catcher"},{"floor":23.0,"key":"Regal Pillow"},{"floor":26.0,"key":"Mummified Hand"}],"event_choices":[{"cards_removed":["Pain"],"damage_healed":0.0,"max_hp_gain":0.0,"max_hp_loss":0.0,"gold_gain":0.0,"event_name":"The Cleric","player_choice":"Card Removal","floor":2.0,"gold_loss":75.0,"damage_taken":0.0},{"damage_healed":0.0,"max_hp_gain":0.0,"max_hp_loss":7.0,"gold_gain":0.0,"event_name":"Golden Idol","player_choice":"Lose Max HP","floor":4.0,"gold_loss":0.0,"damage_taken":0.0,"relics_obtained":["Golden Idol"]},{"cards_removed":["Strike_R"],"damage_healed":0.0,"max_hp_gain":0.0,"max_hp_loss":0.0,"gold_gain":0.0,"event_name":"Designer","player_choice":"Upgrade and Remove","floor":19.0,"gold_loss":110.0,"damage_taken":0.0,"cards_upgraded":["Strike_R"]}],"is_beta":false,"boss_relics":[{"not_picked":["Tiny House","Black Blood"],"picked":"SlaversCollar"}],"items_purged_floors":[],"is_endless":false,"potions_floor_spawned":[11,13,14,21,22],"killed_by":"Sentry and Sphere","ascension_level":20}