{"gold_per_floor":[359,373,0,0,14,14,48,48,48,73,85,159,171,62,62,62],"floor_reached":16,"playtime":1041,"items_purged":["Strike_R"],"score":212,"play_id":"e642ca1e-0279-4a9c-a7d8-65cbdec0c9a7","local_time":"20220512015804","is_ascension_mode":true,"campfire_choices":[{"floor":6.0,"key":"REST"},{"data":"Immolate","floor":8.0,"key":"SMITH"},{"data":"Inflame","floor":11.0,"key":"SMITH"},{"data":"Pommel Strike","floor":13.0,"key":"SMITH"},{"data":"Rupture","floor":15,"key":"SMITH"}],"neow_cost":"PERCENT_DAMAGE","seed_source_timestamp":0,"circlet_count":0,"master_deck":["AscendersBane","Strike_R","Strike_R+1","Strike_R","Strike_R","Defend_R","Defend_R","Defend_R+1","Defend_R","Bash","Iron Wave","Inflame+1","Immolate+1","Pommel Strike+1","Shrug It Off","Rupture+1","Hemokinesis"],"special_seed":0,"relics":["Burning Blood","Anchor","Self Forming Clay","Question Card","MawBank"],"potions_floor_usage":[16],"damage_taken":[{"damage":12.0,"enemies":"Cultist","floor":1.0,"turns":4.0},{"damage":10.0,"enemies":"Small Slimes","floor":2.0,"turns":4.0},{"damage":0.0,"enemies":"Jaw Worm","floor":5.0,"turns":2.0},{"damage":27.0,"enemies":"Gremlin Nob","floor":7.0,"turns":4.0},{"damage":14.0,"enemies":"Lagavulin","floor":10.0,"turns":5.0},{"damage":19,"enemies":"Hexaghost","floor":16,"turns":7}],"seed_played":"4596030054010664495","potions_obtained":[{"floor":2.0,"key":"Ancient Potion"},{"floor":5.0,"key":"Explosive Potion"},{"floor":10.0,"key":"SkillPotion"}],"is_trial":false,"path_per_floor":["M","M","$","?","M","R","E","R","T","E","R","?","R","$","R","B"],"character_chosen":"IRONCLAD","items_purchased":["Immolate","Anchor","Pommel Strike","Rupture","Hemokinesis"],"campfire_rested":1,"item_purchase_floors":[3,3,3,14,14],"current_hp_per_floor":[44,40,40,17,23,45,24,24,24,16,16,16,16,16,16,0],"gold":62,"neow_bonus":"TWO_FIFTY_GOLD","is_prod":false,"is_daily":false,"chose_seed":false,"campfire_upgraded":4,"win_rate":0,"timestamp":1652345884,"path_taken":["M","M","$","?","M","R","E","R","T","E","R","?","R","$","R","BOSS"],"build_version":"2022-03-07","purchased_purges":1,"victory":false,"max_hp_per_floor":[75,75,75,75,75,75,75,75,75,75,75,75,75,75,75,75],"relic_stats":{"counters":[6,26],"Self Forming Clay":[18],"Question Card":1,"MawBank":48,"obtain_stats":[{"Anchor":3,"Self Forming Clay":7,"Question Card":9,"MawBank":10,"Burning Blood":0},{"Anchor":2,"Self Forming Clay":4,"Question Card":4,"MawBank":5,"Burning Blood":0},{"Anchor":8,"Self Forming Clay":14,"Question Card":14,"MawBank":19,"Burning Blood":0}],"Burning Blood":30},"card_choices":[{"not_picked":["Body Slam","Havoc"],"picked":"Iron Wave","floor":1.0},{"not_picked":["Uppercut","Cleave"],"picked":"Inflame","floor":2.0},{"not_picked":["Dual Wield","Wild Strike","Body Slam"],"picked":"SKIP","floor":5.0},{"not_picked":["Inflame","Metallicize"],"picked":"Shrug It Off","floor":7.0},{"not_picked":["Sentinel","Perfected Strike","Juggernaut","Clothesline"],"picked":"SKIP","floor":10.0}],"player_experience":918184,"relics_obtained":[{"floor":7.0,"key":"Self Forming Clay"},{"floor":9.0,"key":"Question Card"},{"floor":10.0,"key":"MawBank"}],"event_choices":[{"damage_healed":0.0,"max_hp_gain":0.0,"max_hp_loss":0.0,"gold_gain":0.0,"event_name":"Shining Light","player_choice":"Entered Light","floor":4.0,"gold_loss":0.0,"damage_taken":23.0,"cards_upgraded":["Strike_R","Defend_R"]},{"damage_healed":0.0,"max_hp_gain":0.0,"max_hp_loss":0.0,"gold_gain":62.0,"event_name":"Golden Wing","player_choice":"Gained Gold","floor":12.0,"gold_loss":0.0,"damage_taken":0.0}],"is_beta":false,"boss_relics":[],"items_purged_floors":[3],"is_endless":false,"potions_floor_spawned":[2,5,10],"killed_by":"Hexaghost","ascension_level":20}