{"gold_per_floor":[215,62,79,79,154,187,187,231,231,231,247,288,288,311,311,434,434],"floor_reached":17,"playtime":4664,"items_purged":[],"score":245,"play_id":"be810cb4-7ab5-4d62-8bbb-024dd28b7f76","local_time":"20220511202528","is_ascension_mode":true,"campfire_choices":[{"floor":7.0,"key":"REST"},{"floor":10.0,"key":"REST"},{"data":"Inflame","floor":13.0,"key":"SMITH"},{"data":"Pommel Strike","floor":15.0,"key":"SMITH"}],"neow_cost":"NONE","seed_source_timestamp":0,"circlet_count":0,"master_deck":["Strike_R","Strike_R","Strike_R","Strike_R","Strike_R","Defend_R","Defend_R+1","Defend_R+1","Defend_R","Bash","Pommel Strike+1","Sword Boomerang","Cleave","Shockwave+1","Inflame+1","Seeing Red+1","Burning Pact+1","Limit Break+1"],"special_seed":0,"relics":["Burning Blood","Happy Flower","Golden Idol","Toxic Egg 2","War Paint","Question Card","Vajra"],"potions_floor_usage":[],"damage_taken":[{"damage":7.0,"enemies":"Jaw Worm","floor":1.0,"turns":5.0},{"damage":5.0,"enemies":"Small Slimes","floor":3.0,"turns":3.0},{"damage":45.0,"enemies":"Lagavulin","floor":6.0,"turns":8.0},{"damage":16.0,"enemies":"3 Sentries","floor":8.0,"turns":7.0},{"damage":0.0,"enemies":"2 Louse","floor":11.0,"turns":2.0},{"damage":10.0,"enemies":"Gremlin Nob","floor":12.0,"turns":3.0},{"damage":2.0,"enemies":"Lots of Slimes","floor":14.0,"turns":2.0},{"damage":0.0,"enemies":"Slime Boss","floor":16.0,"turns":5.0}],"seed_played":"-872835040654595109","potions_obtained":[{"floor":3.0,"key":"BloodPotion"},{"floor":6.0,"key":"SkillPotion"},{"floor":12.0,"key":"AttackPotion"},{"floor":16.0,"key":"EntropicBrew"}],"is_trial":false,"path_per_floor":["M","$","M","?","?","E","R","E","T","R","M","E","R","M","R","B",null],"character_chosen":"IRONCLAD","items_purchased":["Happy Flower"],"campfire_rested":2,"item_purchase_floors":[2],"current_hp_per_floor":[79,79,80,60,49,10,34,24,24,48,54,50,50,54,54,60,60],"gold":434,"neow_bonus":"HUNDRED_GOLD","is_prod":false,"is_daily":false,"chose_seed":false,"campfire_upgraded":2,"win_rate":0,"timestamp":1652325928,"path_taken":["M","$","M","?","?","E","R","E","T","R","M","E","R","M","R","BOSS","BOSS"],"build_version":"2022-03-07","purchased_purges":0,"victory":false,"max_hp_per_floor":[80,80,80,80,80,80,80,80,80,80,80,80,80,80,80,80,80],"relic_stats":{"Happy Flower":[10],"counters":[8,35],"Golden Idol":87,"War Paint":["Defend_R","Defend_R"],"Question Card":6,"obtain_stats":[{"Happy Flower":2,"Golden Idol":4,"Vajra":12,"Toxic Egg 2":6,"War Paint":8,"Question Card":9,"Burning Blood":0},{"Happy Flower":1,"Golden Idol":2,"Vajra":6,"Toxic Egg 2":3,"War Paint":4,"Question Card":4,"Burning Blood":0},{"Happy Flower":5,"Golden Idol":8,"Vajra":28,"Toxic Egg 2":16,"War Paint":23,"Question Card":23,"Burning Blood":0}],"Burning Blood":48},"card_choices":[{"not_picked":["Havoc","Twin Strike"],"picked":"Pommel Strike","floor":1.0},{"not_picked":["Thunderclap","Rupture"],"picked":"Sword Boomerang","floor":3.0},{"not_picked":["Havoc+1","Evolve"],"picked":"Cleave","floor":6.0},{"not_picked":["Iron Wave","Juggernaut"],"picked":"Shockwave+1","floor":8.0},{"not_picked":["Feel No Pain","Thunderclap","Bloodletting+1"],"picked":"Inflame","floor":11.0},{"not_picked":["Sword Boomerang","Heavy Blade","Warcry+1"],"picked":"Seeing Red+1","floor":12.0},{"not_picked":["Iron Wave","Clothesline","Whirlwind"],"picked":"Burning Pact+1","floor":14.0},{"not_picked":["Juggernaut","Feed","Brutality"],"picked":"Limit Break+1","floor":16.0}],"player_experience":913520,"relics_obtained":[{"floor":6.0,"key":"Toxic Egg 2"},{"floor":8.0,"key":"War Paint"},{"floor":9.0,"key":"Question Card"},{"floor":12.0,"key":"Vajra"}],"event_choices":[{"damage_healed":0.0,"max_hp_gain":0.0,"max_hp_loss":0.0,"gold_gain":0.0,"event_name":"Golden Idol","player_choice":"Take Damage","floor":4.0,"gold_loss":0.0,"damage_taken":20.0,"relics_obtained":["Golden Idol"]},{"damage_healed":0.0,"max_hp_gain":0.0,"max_hp_loss":0.0,"gold_gain":75.0,"event_name":"World of Goop","player_choice":"Gather Gold","floor":5.0,"gold_loss":0.0,"damage_taken":11.0}],"is_beta":false,"boss_relics":[],"items_purged_floors":[],"is_endless":false,"potions_floor_spawned":[3,6,12,16],"ascension_level":2}