{"gold_per_floor":[20,35,35,35,46,46,80,80,80,100,135,151,179,194,194,272,272,291,291,306,21,34,68,68,94,94,94,19,19,19,19,19,91,91,109,109,125,125,139,166,166,194,218,243,259,259,275,42,42,42,42],"floor_reached":51,"playtime":4856,"items_purged":["Decay"],"score":1661,"play_id":"4f1919f9-8c67-48cb-8f4b-b58b9bc037a3","local_time":"20220526154104","is_ascension_mode":true,"campfire_choices":[{"data":"Pommel Strike","floor":6.0,"key":"SMITH"},{"data":"Bash","floor":8.0,"key":"SMITH"},{"data":"Flame Barrier","floor":15.0,"key":"SMITH"},{"data":"Ghostly","floor":24.0,"key":"SMITH"},{"data":"Ghostly","floor":27.0,"key":"SMITH"},{"data":"Ghostly","floor":29.0,"key":"SMITH"},{"data":"Pommel Strike","floor":32.0,"key":"SMITH"},{"data":"Feel No Pain","floor":41.0,"key":"SMITH"},{"data":"Flame Barrier","floor":46.0,"key":"SMITH"},{"floor":49.0,"key":"RECALL"}],"neow_cost":"NO_GOLD","seed_source_timestamp":93288770629479,"circlet_count":0,"master_deck":["AscendersBane","Strike_R","Strike_R","Defend_R","Defend_R","Defend_R","Bash+1","Corruption+1","Shrug It Off","Flame Barrier+1","Pommel Strike+1","Feel No Pain+1","Shrug It Off","Offering","Cleave","Impervious","Pommel Strike+1","Ghostly+1","Ghostly+1","Ghostly+1","Sentinel+1","Shrug It Off","Flame Barrier+1","Ghostly+1","Barricade","Entrench+1","Whirlwind+1","Immolate+1","Twin Strike+1","Dropkick","Battle Trance","Dark Embrace+1","Inflame"],"special_seed":0,"relics":["Burning Blood","Thread and Needle","Eternal Feather","Question Card","Toy Ornithopter","PreservedInsect","Cursed Key","Meat on the Bone","MealTicket","Bottled Flame","Lizard Tail","Astrolabe","Unceasing Top","StoneCalendar","Pocketwatch","Bag of Marbles","Toolbox"],"potions_floor_usage":[50,51],"damage_taken":[{"damage":2.0,"enemies":"Cultist","floor":1.0,"turns":4.0},{"damage":8.0,"enemies":"2 Louse","floor":2.0,"turns":4.0},{"damage":0.0,"enemies":"Jaw Worm","floor":5.0,"turns":5.0},{"damage":22.0,"enemies":"3 Sentries","floor":7.0,"turns":15.0},{"damage":0.0,"enemies":"Looter","floor":10.0,"turns":3.0},{"damage":4.0,"enemies":"Lagavulin","floor":11.0,"turns":8.0},{"damage":0.0,"enemies":"Exordium Wildlife","floor":12.0,"turns":5.0},{"damage":24.0,"enemies":"Gremlin Nob","floor":13.0,"turns":5.0},{"damage":7.0,"enemies":"Blue Slaver","floor":14.0,"turns":4.0},{"damage":28.0,"enemies":"The Guardian","floor":16.0,"turns":17.0},{"damage":11.0,"enemies":"Chosen","floor":18.0,"turns":6.0},{"damage":3.0,"enemies":"Shell Parasite","floor":20.0,"turns":5.0},{"damage":11.0,"enemies":"Cultist and Chosen","floor":22.0,"turns":9.0},{"damage":1.0,"enemies":"Gremlin Leader","floor":23.0,"turns":8.0},{"damage":12.0,"enemies":"Slavers","floor":25.0,"turns":6.0},{"damage":1.0,"enemies":"Automaton","floor":33.0,"turns":20.0},{"damage":6.0,"enemies":"Orb Walker","floor":35.0,"turns":5.0},{"damage":1.0,"enemies":"3 Darklings","floor":37.0,"turns":5.0},{"damage":1.0,"enemies":"Jaw Worm Horde","floor":39.0,"turns":4.0},{"damage":16.0,"enemies":"Giant Head","floor":40.0,"turns":12.0},{"damage":6.0,"enemies":"Reptomancer","floor":42.0,"turns":6.0},{"damage":4.0,"enemies":"Giant Head","floor":44.0,"turns":7.0},{"damage":6.0,"enemies":"Spire Growth","floor":45.0,"turns":6.0},{"damage":6.0,"enemies":"4 Shapes","floor":47.0,"turns":5.0},{"damage":14,"enemies":"Donu and Deca","floor":50,"turns":13},{"damage":72,"enemies":"Awakened One","floor":51,"turns":13}],"seed_played":"7879590796475861614","potions_obtained":[{"floor":10.0,"key":"EntropicBrew"},{"floor":13.0,"key":"Regen Potion"},{"floor":16.0,"key":"PowerPotion"},{"floor":35.0,"key":"EssenceOfSteel"},{"floor":39.0,"key":"LiquidMemories"},{"floor":42.0,"key":"Swift Potion"}],"is_trial":false,"path_per_floor":["M","M","?","?","M","R","E","R","T","M","E","M","E","M","R","B",null,"M","?","M","$","M","E","R","E","T","R","?","R","T","?","R","B",null,"M","?","M","?","M","E","R","E","T","E","M","R","M","$","R","B","B"],"character_chosen":"IRONCLAD","items_purchased":["Meat on the Bone","Toolbox"],"campfire_rested":0,"item_purchase_floors":[21,48],"current_hp_per_floor":[72,70,70,52,58,58,42,51,51,57,59,65,52,51,60,38,66,61,37,37,37,32,37,37,31,31,37,37,37,37,37,37,37,37,37,37,37,37,37,27,37,37,37,37,37,37,37,37,37,29,0],"gold":42,"neow_bonus":"THREE_RARE_CARDS","is_prod":false,"is_daily":false,"chose_seed":false,"campfire_upgraded":9,"win_rate":0,"timestamp":1653597664,"path_taken":["M","?","?","?","M","R","E","R","T","M","E","M","E","M","R","BOSS","M","?","M","$","M","E","R","E","T","R","?","R","?","?","R","BOSS","M","?","?","?","M","E","R","E","T","E","?","R","M","$","R","BOSS","BOSS"],"build_version":"2022-03-07","purchased_purges":1,"victory":false,"max_hp_per_floor":[75,75,75,75,75,75,75,75,75,75,75,75,75,75,75,75,75,75,37,37,37,37,37,37,37,37,37,37,37,37,37,37,37,37,37,37,37,37,37,37,37,37,37,37,37,37,37,37,37,37,37],"relic_stats":{"counters":[26,200],"Astrolabe":["Entrench","Whirlwind","Immolate"],"Eternal Feather":34,"StoneCalendar":[157],"PreservedInsect":411,"Question Card":20,"Cursed Key":2,"Burning Blood":125,"Bottled Flame":"Pommel Strike","Lizard Tail":18,"MealTicket":0,"obtain_stats":[{"Astrolabe":34,"Thread and Needle":4,"Eternal Feather":7,"StoneCalendar":40,"PreservedInsect":13,"Question Card":9,"Cursed Key":17,"Burning Blood":0,"Bottled Flame":25,"Lizard Tail":26,"Toolbox":48,"MealTicket":23,"Bag of Marbles":44,"Toy Ornithopter":11,"Unceasing Top":38,"Meat on the Bone":21,"Pocketwatch":42},{"Astrolabe":16,"Thread and Needle":2,"Eternal Feather":4,"StoneCalendar":20,"PreservedInsect":8,"Question Card":4,"Cursed Key":10,"Burning Blood":0,"Bottled Flame":15,"Lizard Tail":15,"Toolbox":24,"MealTicket":14,"Bag of Marbles":22,"Toy Ornithopter":6,"Unceasing Top":18,"Meat on the Bone":12,"Pocketwatch":21},{"Astrolabe":124,"Thread and Needle":8,"Eternal Feather":28,"StoneCalendar":150,"PreservedInsect":49,"Question Card":28,"Cursed Key":70,"Burning Blood":0,"Bottled Flame":104,"Lizard Tail":104,"Toolbox":174,"MealTicket":98,"Bag of Marbles":163,"Toy Ornithopter":39,"Unceasing Top":134,"Meat on the Bone":81,"Pocketwatch":156}],"Toy Ornithopter":15,"Unceasing Top":[6],"Meat on the Bone":0,"Pocketwatch":[26]},"card_choices":[{"not_picked":["Demon Form","Juggernaut"],"picked":"Corruption","floor":0.0},{"not_picked":["Pommel Strike","Hemokinesis"],"picked":"Shrug It Off","floor":1.0},{"not_picked":["Havoc","Clothesline"],"picked":"Flame Barrier","floor":2.0},{"not_picked":["Dark Embrace","Metallicize"],"picked":"Pommel Strike","floor":5.0},{"not_picked":["Second Wind","Dark Embrace"],"picked":"Feel No Pain","floor":7.0},{"not_picked":["Perfected Strike","Ghostly Armor","Burning Pact"],"picked":"Shrug It Off","floor":10.0},{"not_picked":["Wild Strike","Infernal Blade","Burning Pact","Cleave"],"picked":"SKIP","floor":11.0},{"not_picked":["Anger","Bludgeon","Flex","Clothesline"],"picked":"SKIP","floor":12.0},{"not_picked":["Armaments","Rampage","Bludgeon"],"picked":"Offering","floor":13.0},{"not_picked":["Inflame","Sword Boomerang","Bloodletting"],"picked":"Cleave","floor":14.0},{"not_picked":["Limit Break","Corruption","Juggernaut"],"picked":"Impervious","floor":16.0},{"not_picked":["Hemokinesis","Flex","Intimidate+1"],"picked":"Pommel Strike","floor":18.0},{"not_picked":["Rupture+1","Intimidate+1","Seeing Red"],"picked":"Sentinel+1","floor":20.0},{"not_picked":["Entrench","Perfected Strike","Armaments"],"picked":"Shrug It Off","floor":22.0},{"not_picked":["Iron Wave","Searing Blow","Uppercut","Twin Strike+1"],"picked":"SKIP","floor":23.0},{"not_picked":["Seeing Red+1","Havoc","Disarm"],"picked":"Flame Barrier","floor":25.0},{"not_picked":["Limit Break","Brutality","Berserk"],"picked":"Barricade","floor":33.0},{"not_picked":["Pummel","Heavy Blade","Entrench","Cleave+1"],"picked":"SKIP","floor":35.0},{"not_picked":["Sever Soul","Twin Strike","Anger","Warcry"],"picked":"SKIP","floor":37.0},{"not_picked":["Armaments","Shrug It Off","Iron Wave"],"picked":"Twin Strike+1","floor":39.0},{"not_picked":["Flex","Headbutt","Sword Boomerang","Cleave"],"picked":"SKIP","floor":40.0},{"not_picked":["Pommel Strike+1","Flex","Wild Strike"],"picked":"Dropkick","floor":42.0},{"not_picked":["Bloodletting","Berserk","Flex"],"picked":"Battle Trance","floor":44.0},{"not_picked":["Pummel","Inflame","Havoc+1"],"picked":"Dark Embrace+1","floor":45.0},{"not_picked":["Evolve","Combust","Metallicize"],"picked":"Inflame","floor":47.0}],"player_experience":932068,"relics_obtained":[{"floor":7.0,"key":"Eternal Feather"},{"floor":9.0,"key":"Question Card"},{"floor":11.0,"key":"Toy Ornithopter"},{"floor":13.0,"key":"PreservedInsect"},{"floor":23.0,"key":"MealTicket"},{"floor":25.0,"key":"Bottled Flame"},{"floor":26.0,"key":"Lizard Tail"},{"floor":40.0,"key":"StoneCalendar"},{"floor":42.0,"key":"Pocketwatch"},{"floor":44.0,"key":"Bag of Marbles"}],"event_choices":[{"damage_healed":0.0,"max_hp_gain":0.0,"max_hp_loss":0.0,"gold_gain":0.0,"event_name":"Living Wall","player_choice":"Grow","floor":3.0,"gold_loss":0.0,"damage_taken":0.0,"cards_upgraded":["Corruption"]},{"damage_healed":0.0,"max_hp_gain":0.0,"max_hp_loss":0.0,"gold_gain":0.0,"event_name":"Scrap Ooze","player_choice":"Success","floor":4.0,"gold_loss":0.0,"damage_taken":18.0,"relics_obtained":["Thread and Needle"]},{"damage_healed":0.0,"max_hp_gain":0.0,"max_hp_loss":38.0,"gold_gain":0.0,"event_name":"Ghosts","player_choice":"Became a Ghost","floor":19.0,"gold_loss":0.0,"damage_taken":0.0,"cards_obtained":["Ghostly","Ghostly","Ghostly"]},{"cards_removed":["Injury"],"damage_healed":0.0,"max_hp_gain":0.0,"max_hp_loss":0.0,"gold_gain":0.0,"event_name":"Beggar","player_choice":"Gave Gold","floor":28.0,"gold_loss":75.0,"damage_taken":0.0},{"damage_healed":0.0,"max_hp_gain":0.0,"max_hp_loss":0.0,"gold_gain":0.0,"event_name":"Duplicator","player_choice":"Copied","floor":31.0,"gold_loss":0.0,"damage_taken":0.0,"cards_obtained":["Ghostly"]},{"cards_removed":["Strike_R"],"damage_healed":0.0,"max_hp_gain":0.0,"max_hp_loss":0.0,"gold_gain":0.0,"event_name":"Bonfire Elementals","player_choice":"Offered Basic","floor":36.0,"gold_loss":0.0,"damage_taken":0.0},{"damage_healed":0.0,"max_hp_gain":0.0,"max_hp_loss":0.0,"gold_gain":0.0,"event_name":"WeMeetAgain","player_choice":"Gave Potion","floor":38.0,"gold_loss":0.0,"damage_taken":0.0,"relics_obtained":["Unceasing Top"]}],"is_beta":false,"boss_relics":[{"not_picked":["Velvet Choker","Mark of Pain"],"picked":"Cursed Key"},{"not_picked":["SacredBark","Philosopher\u0027s Stone"],"picked":"Astrolabe"}],"items_purged_floors":[48],"is_endless":false,"potions_floor_spawned":[10,13,16,18,20,23,35,37,39,42],"killed_by":"Awakened One","ascension_level":20}