{"gold_per_floor":[113,113,123,35,35,69,84,111,111,140,140,140,140,156,156,233,233,245,5,5,15,15,15,28,57,57,57,57,57,384,384,384,458,458,473,525,84,84,95,120,120,145,145,162,194,194,194,206,206,206,206,206,206,0,29,29],"floor_reached":57,"playtime":6347,"items_purged":["Strike_R","Strike_R"],"score":2834,"play_id":"61cf56e9-a2e9-49d5-bfc8-8e434c937f6d","local_time":"20220526120310","is_ascension_mode":true,"campfire_choices":[{"data":"Inflame","floor":11.0,"key":"SMITH"},{"data":"Warcry","floor":13.0,"key":"SMITH"},{"data":"Pummel","floor":15.0,"key":"SMITH"},{"data":"Demon Form","floor":23.0,"key":"SMITH"},{"data":"Disarm","floor":28.0,"key":"SMITH"},{"data":"Offering","floor":32.0,"key":"SMITH"},{"data":"1","floor":41.0,"key":"LIFT"},{"data":"2","floor":46.0,"key":"LIFT"},{"floor":49.0,"key":"RECALL"},{"data":"3","floor":53.0,"key":"LIFT"}],"neow_cost":"CURSE","seed_source_timestamp":0,"circlet_count":0,"master_deck":["AscendersBane","Strike_R","Strike_R","Strike_R","Defend_R","Defend_R","Defend_R","Defend_R","Bash","Hemokinesis","Warcry+1","Power Through+1","Pummel+1","Inflame+1","Intimidate","Impervious","Disarm+1","Second Wind","Demon Form+1","Reaper","Sentinel","Pommel Strike+1","Burning Pact","Offering+1","Corruption","Ghostly Armor","Trip","Panacea","Shrug It Off+1","Battle Trance","Shrug It Off","Twin Strike+1"],"special_seed":0,"relics":["Burning Blood","Charon\u0027s Ashes","Oddly Smooth Stone","Incense Burner","Happy Flower","Coffee Dripper","Orrery","Nilry\u0027s Codex","Bag of Marbles","Meat on the Bone","Unceasing Top","Old Coin","Snecko Eye","Girya","Mummified Hand","Strange Spoon","Mercury Hourglass","Art of War","TungstenRod","Toxic Egg 2","The Courier","Toolbox","Sundial"],"potions_floor_usage":[56,56],"damage_taken":[{"damage":10.0,"enemies":"Small Slimes","floor":1.0,"turns":5.0},{"damage":4.0,"enemies":"Jaw Worm","floor":3.0,"turns":3.0},{"damage":34.0,"enemies":"Gremlin Nob","floor":6.0,"turns":4.0},{"damage":2.0,"enemies":"Cultist","floor":7.0,"turns":3.0},{"damage":24.0,"enemies":"3 Sentries","floor":8.0,"turns":6.0},{"damage":20.0,"enemies":"Lagavulin","floor":10.0,"turns":5.0},{"damage":0.0,"enemies":"3 Louse","floor":14.0,"turns":4.0},{"damage":25.0,"enemies":"Slime Boss","floor":16.0,"turns":13.0},{"damage":0.0,"enemies":"3 Byrds","floor":18.0,"turns":6.0},{"damage":0.0,"enemies":"2 Thieves","floor":21.0,"turns":4.0},{"damage":15.0,"enemies":"Snake Plant","floor":24.0,"turns":4.0},{"damage":19.0,"enemies":"Slavers","floor":25.0,"turns":5.0},{"damage":10.0,"enemies":"Book of Stabbing","floor":30.0,"turns":7.0},{"damage":13.0,"enemies":"Champ","floor":33.0,"turns":10.0},{"damage":0.0,"enemies":"Orb Walker","floor":35.0,"turns":5.0},{"damage":12.0,"enemies":"2 Orb Walkers","floor":36.0,"turns":6.0},{"damage":31.0,"enemies":"3 Darklings","floor":39.0,"turns":7.0},{"damage":12.0,"enemies":"Nemesis","floor":40.0,"turns":7.0},{"damage":11.0,"enemies":"Reptomancer","floor":42.0,"turns":6.0},{"damage":6.0,"enemies":"Writhing Mass","floor":44.0,"turns":6.0},{"damage":51.0,"enemies":"Giant Head","floor":45.0,"turns":8.0},{"damage":5.0,"enemies":"Spire Growth","floor":48.0,"turns":3.0},{"damage":21.0,"enemies":"Time Eater","floor":50.0,"turns":12.0},{"damage":51.0,"enemies":"Awakened One","floor":51.0,"turns":12.0},{"damage":6,"enemies":"Shield and Spear","floor":55,"turns":6},{"damage":45,"enemies":"The Heart","floor":56,"turns":8}],"seed_played":"-7454428483114365531","potions_obtained":[{"floor":3.0,"key":"SteroidPotion"},{"floor":6.0,"key":"Regen Potion"},{"floor":8.0,"key":"GamblersBrew"},{"floor":14.0,"key":"Weak Potion"},{"floor":16.0,"key":"SteroidPotion"},{"floor":24.0,"key":"PowerPotion"},{"floor":25.0,"key":"LiquidMemories"},{"floor":40.0,"key":"SmokeBomb"},{"floor":44.0,"key":"LiquidBronze"},{"floor":45.0,"key":"Energy Potion"},{"floor":48.0,"key":"Strength Potion"}],"is_trial":false,"path_per_floor":["M","?","M","$","?","E","M","E","T","E","R","?","R","M","R","B",null,"M","$","?","M","?","R","M","E","T","T","R","$","E","?","R","B",null,"M","?","$","?","M","E","R","E","T","M","E","R","T","M","R","B","B",null,"R","$","E","B",null],"character_chosen":"IRONCLAD","items_purchased":["Power Through","Orrery","Mummified Hand","Strange Spoon","Toolbox"],"campfire_rested":0,"item_purchase_floors":[4,19,37,37,54],"current_hp_per_floor":[64,64,66,66,75,47,51,48,48,34,34,34,34,40,40,21,62,68,68,75,75,54,54,55,51,51,51,51,51,53,32,32,56,74,80,80,80,70,70,80,80,75,75,80,80,80,80,80,80,80,65,76,76,76,80,53],"gold":29,"neow_bonus":"ONE_RARE_RELIC","is_prod":false,"is_daily":false,"chose_seed":false,"campfire_upgraded":6,"win_rate":0,"timestamp":1653584590,"path_taken":["M","?","M","$","?","E","?","E","T","E","R","?","R","?","R","BOSS","M","$","?","?","?","R","M","E","T","?","R","$","E","?","R","BOSS","M","?","$","?","M","E","R","E","T","M","E","R","?","M","R","BOSS","BOSS","R","$","E","BOSS"],"build_version":"2022-03-07","purchased_purges":2,"victory":true,"max_hp_per_floor":[75,75,75,75,75,75,75,75,75,75,75,75,75,75,75,75,75,75,75,75,75,75,75,75,75,75,75,75,75,75,80,80,80,80,80,80,80,80,80,80,80,80,80,80,80,80,80,80,80,80,80,80,80,80,80,80],"relic_stats":{"Girya":3,"Happy Flower":[46],"counters":[26,165],"Nilry\u0027s Codex":[11,27,17,41],"Charon\u0027s Ashes":[1000],"The Courier":51,"Burning Blood":102,"Mercury Hourglass":[211],"Strange Spoon":[85],"Mummified Hand":[67],"Sundial":[0],"Snecko Eye":[109,124,126,116,-183],"Art of War":[12],"obtain_stats":[{"Girya":36,"Happy Flower":10,"Nilry\u0027s Codex":22,"Oddly Smooth Stone":6,"Charon\u0027s Ashes":0,"The Courier":47,"Incense Burner":8,"Burning Blood":0,"Old Coin":30,"Mercury Hourglass":40,"Strange Spoon":37,"Mummified Hand":37,"Sundial":55,"Orrery":19,"Snecko Eye":34,"Toolbox":54,"Coffee Dripper":17,"Bag of Marbles":25,"Art of War":42,"Toxic Egg 2":45,"Unceasing Top":27,"TungstenRod":43,"Meat on the Bone":26},{"Girya":16,"Happy Flower":6,"Nilry\u0027s Codex":10,"Oddly Smooth Stone":3,"Charon\u0027s Ashes":0,"The Courier":21,"Incense Burner":5,"Burning Blood":0,"Old Coin":13,"Mercury Hourglass":18,"Strange Spoon":16,"Mummified Hand":16,"Sundial":25,"Orrery":9,"Snecko Eye":14,"Toolbox":24,"Coffee Dripper":8,"Bag of Marbles":12,"Art of War":19,"Toxic Egg 2":21,"Unceasing Top":12,"TungstenRod":19,"Meat on the Bone":12},{"Girya":90,"Happy Flower":26,"Nilry\u0027s Codex":53,"Oddly Smooth Stone":12,"Charon\u0027s Ashes":0,"The Courier":124,"Incense Burner":21,"Burning Blood":0,"Old Coin":69,"Mercury Hourglass":104,"Strange Spoon":90,"Mummified Hand":90,"Sundial":157,"Orrery":49,"Snecko Eye":79,"Toolbox":151,"Coffee Dripper":43,"Bag of Marbles":62,"Art of War":110,"Toxic Egg 2":124,"Unceasing Top":62,"TungstenRod":110,"Meat on the Bone":62}],"Unceasing Top":[7],"TungstenRod":52,"Meat on the Bone":12},"card_choices":[{"not_picked":["Headbutt","Feel No Pain"],"picked":"Hemokinesis","floor":1.0},{"not_picked":["Armaments","Perfected Strike"],"picked":"Warcry","floor":3.0},{"not_picked":["Iron Wave","Dual Wield"],"picked":"Pummel","floor":6.0},{"not_picked":["Clash","Thunderclap","Headbutt"],"picked":"SKIP","floor":7.0},{"not_picked":["True Grit","Ghostly Armor"],"picked":"Inflame","floor":8.0},{"not_picked":["Armaments","Anger","Flex"],"picked":"SKIP","floor":10.0},{"not_picked":["Anger","Entrench"],"picked":"Intimidate","floor":14.0},{"not_picked":["Double Tap","Brutality"],"picked":"Impervious","floor":16.0},{"not_picked":["Carnage+1","Sentinel"],"picked":"Disarm","floor":18.0},{"not_picked":["Armaments","Wild Strike"],"picked":"Second Wind","floor":19.0},{"not_picked":["Inflame","Iron Wave"],"picked":"Demon Form","floor":19.0},{"not_picked":["Hemokinesis+1","True Grit"],"picked":"Reaper","floor":19.0},{"not_picked":["Cleave+1","Havoc"],"picked":"Sentinel","floor":19.0},{"not_picked":["Rupture","Iron Wave"],"picked":"Pommel Strike+1","floor":21.0},{"not_picked":["Rupture","Blood for Blood"],"picked":"Burning Pact","floor":24.0},{"not_picked":["Power Through","Iron Wave+1","Armaments"],"picked":"SKIP","floor":25.0},{"not_picked":["Disarm","Pommel Strike"],"picked":"Offering","floor":30.0},{"not_picked":["Fiend Fire","Juggernaut"],"picked":"Corruption","floor":33.0},{"not_picked":["Body Slam","Cleave","Rampage"],"picked":"SKIP","floor":35.0},{"not_picked":["Perfected Strike","Carnage+1"],"picked":"Ghostly Armor","floor":36.0},{"not_picked":["Mind Blast","Bandage Up"],"picked":"Trip","floor":38.0},{"not_picked":["Mayhem","Jack Of All Trades"],"picked":"Panacea","floor":38.0},{"not_picked":["Havoc","Warcry+1"],"picked":"Shrug It Off+1","floor":39.0},{"not_picked":["Anger","Corruption","Clash"],"picked":"SKIP","floor":40.0},{"not_picked":["Heavy Blade","Combust"],"picked":"Battle Trance","floor":42.0},{"not_picked":["Anger","Combust"],"picked":"Shrug It Off","floor":44.0},{"not_picked":["Spot Weakness+1","Uppercut"],"picked":"Twin Strike+1","floor":45.0},{"not_picked":["Wild Strike","Twin Strike","Headbutt"],"picked":"SKIP","floor":48.0},{"not_picked":["Warcry+1","Armaments+1","Entrench+1"],"picked":"SKIP","floor":55}],"player_experience":923530,"relics_obtained":[{"floor":6.0,"key":"Oddly Smooth Stone"},{"floor":8.0,"key":"Incense Burner"},{"floor":10.0,"key":"Happy Flower"},{"floor":22.0,"key":"Nilry\u0027s Codex"},{"floor":25.0,"key":"Bag of Marbles"},{"floor":26.0,"key":"Meat on the Bone"},{"floor":27.0,"key":"Unceasing Top"},{"floor":30.0,"key":"Old Coin"},{"floor":36.0,"key":"Girya"},{"floor":40.0,"key":"Mercury Hourglass"},{"floor":42.0,"key":"Art of War"},{"floor":43.0,"key":"TungstenRod"},{"floor":45.0,"key":"Toxic Egg 2"},{"floor":47.0,"key":"The Courier"},{"floor":55,"key":"Sundial"}],"event_choices":[{"cards_removed":["Normality"],"damage_healed":0.0,"max_hp_gain":0.0,"max_hp_loss":0.0,"gold_gain":0.0,"event_name":"Living Wall","player_choice":"Forget","floor":2.0,"gold_loss":0.0,"damage_taken":0.0},{"damage_healed":9.0,"max_hp_gain":0.0,"max_hp_loss":0.0,"gold_gain":0.0,"event_name":"Wheel of Change","player_choice":"Full Heal","floor":5.0,"gold_loss":0.0,"damage_taken":0.0},{"damage_healed":0.0,"max_hp_gain":0.0,"max_hp_loss":0.0,"gold_gain":0.0,"event_name":"Upgrade Shrine","player_choice":"Upgraded","floor":12.0,"gold_loss":0.0,"damage_taken":0.0,"cards_upgraded":["Power Through"]},{"damage_healed":7.0,"max_hp_gain":0.0,"max_hp_loss":0.0,"gold_gain":0.0,"event_name":"Wheel of Change","player_choice":"Full Heal","floor":20.0,"gold_loss":0.0,"damage_taken":0.0},{"damage_healed":0.0,"max_hp_gain":0.0,"max_hp_loss":0.0,"gold_gain":0.0,"event_name":"Cursed Tome","player_choice":"Obtained Book","floor":22.0,"gold_loss":0.0,"damage_taken":21.0},{"damage_healed":0.0,"max_hp_gain":5.0,"max_hp_loss":0.0,"gold_gain":0.0,"event_name":"Forgotten Altar","player_choice":"Shed Blood","floor":31.0,"gold_loss":0.0,"damage_taken":26.0},{"damage_healed":0.0,"max_hp_gain":0.0,"max_hp_loss":0.0,"gold_gain":0.0,"event_name":"Mysterious Sphere","player_choice":"Fight","floor":36.0,"gold_loss":0.0,"damage_taken":0.0},{"damage_healed":0.0,"max_hp_gain":0.0,"max_hp_loss":0.0,"gold_gain":0.0,"event_name":"SensoryStone","player_choice":"Memory 3","floor":38.0,"gold_loss":0.0,"damage_taken":10.0}],"is_beta":false,"boss_relics":[{"not_picked":["Black Star","Runic Cube"],"picked":"Coffee Dripper"},{"not_picked":["SacredBark","Calling Bell"],"picked":"Snecko Eye"}],"items_purged_floors":[19,54],"is_endless":false,"potions_floor_spawned":[3,6,8,14,16,24,25,40,44,45,48,55],"ascension_level":20}