{"gold_per_floor":[111,91,101,112,128,128,160,160,160,175,192,192,221,22,22,22],"floor_reached":16,"playtime":1087,"items_purged":[],"score":324,"play_id":"264efb9b-8fb8-478b-8343-332ad202ab68","local_time":"20220526093839","is_ascension_mode":true,"campfire_choices":[{"data":"True Grit","floor":6.0,"key":"SMITH"},{"data":"Uppercut","floor":15.0,"key":"SMITH"}],"neow_cost":"NONE","seed_source_timestamp":0,"circlet_count":0,"master_deck":["AscendersBane","Strike_R","Strike_R","Strike_R","Strike_R","Strike_R","Defend_R","Defend_R","Defend_R","Defend_R","Bash+1","Battle Trance","True Grit+1","Power Through","Uppercut+1","Fire Breathing","Combust","Evolve","Rupture"],"special_seed":0,"relics":["Burning Blood","StoneCalendar","Blue Candle","Letter Opener","Membership Card"],"potions_floor_usage":[],"damage_taken":[{"damage":5.0,"enemies":"Small Slimes","floor":1.0,"turns":4.0},{"damage":0.0,"enemies":"Cultist","floor":3.0,"turns":3.0},{"damage":5.0,"enemies":"Jaw Worm","floor":4.0,"turns":5.0},{"damage":15.0,"enemies":"Gremlin Gang","floor":5.0,"turns":10.0},{"damage":49.0,"enemies":"Gremlin Nob","floor":7.0,"turns":5.0},{"damage":24.0,"enemies":"Exordium Thugs","floor":10.0,"turns":7.0},{"damage":21.0,"enemies":"Exordium Wildlife","floor":11.0,"turns":6.0},{"damage":10.0,"enemies":"3 Sentries","floor":13.0,"turns":6.0},{"damage":24.0,"enemies":"Hexaghost","floor":16.0,"turns":9.0}],"seed_played":"-1875524308045077222","potions_obtained":[{"floor":2.0,"key":"BloodPotion"},{"floor":3.0,"key":"BlessingOfTheForge"},{"floor":7.0,"key":"Strength Potion"},{"floor":11.0,"key":"Dexterity Potion"}],"is_trial":false,"path_per_floor":["M","?","M","M","M","R","E","?","T","M","M","T","E","$","R","B"],"character_chosen":"IRONCLAD","items_purchased":["Membership Card","Rupture"],"campfire_rested":0,"item_purchase_floors":[14,14],"current_hp_per_floor":[69,69,75,75,66,66,23,75,75,57,57,57,53,53,53,35],"gold":22,"neow_bonus":"UPGRADE_CARD","is_prod":false,"is_daily":false,"chose_seed":false,"campfire_upgraded":2,"win_rate":0,"timestamp":1653575919,"path_taken":["M","?","M","?","M","R","E","?","T","M","?","?","E","?","R","BOSS","BOSS"],"build_version":"2022-03-07","purchased_purges":0,"victory":false,"max_hp_per_floor":[75,75,75,75,75,75,75,75,75,75,75,75,75,75,75,75],"card_choices":[{"not_picked":["Heavy Blade","Feel No Pain"],"picked":"Battle Trance","floor":1.0},{"not_picked":["Perfected Strike","Clash"],"picked":"True Grit","floor":3.0},{"not_picked":["Dark Embrace","True Grit"],"picked":"Power Through","floor":4.0},{"not_picked":["Cleave","Body Slam"],"picked":"Metallicize","floor":5.0},{"not_picked":["Headbutt","Flame Barrier"],"picked":"Uppercut","floor":7.0},{"not_picked":["Body Slam","Burning Pact"],"picked":"Fire Breathing","floor":10.0},{"not_picked":["Flex","Dual Wield"],"picked":"Combust","floor":11.0},{"not_picked":["Wild Strike","Spot Weakness"],"picked":"Evolve","floor":13.0}],"player_experience":922443,"relics_obtained":[{"floor":7.0,"key":"StoneCalendar"},{"floor":12.0,"key":"Blue Candle"},{"floor":13.0,"key":"Letter Opener"}],"event_choices":[{"damage_healed":0.0,"max_hp_gain":0.0,"max_hp_loss":0.0,"gold_gain":0.0,"event_name":"The Woman in Blue","player_choice":"Bought 1 Potion","floor":2.0,"gold_loss":0.0,"damage_taken":0.0},{"cards_removed":["Metallicize"],"damage_healed":52.0,"max_hp_gain":0.0,"max_hp_loss":0.0,"gold_gain":0.0,"event_name":"Bonfire Elementals","player_choice":"Offered Uncommon","floor":8.0,"gold_loss":0.0,"damage_taken":0.0}],"is_beta":false,"boss_relics":[],"items_purged_floors":[],"is_endless":false,"potions_floor_spawned":[3,7,11],"killed_by":"Hexaghost","ascension_level":20}