{"gold_per_floor":[125,153,177,20,20,20,40,83,83,83,108,150,163,213,213,213],"floor_reached":16,"playtime":1080,"items_purged":[],"score":224,"play_id":"6266e000-c823-498d-be36-80d5e5ced2c7","local_time":"20220630153756","is_ascension_mode":true,"campfire_choices":[{"data":"Pommel Strike","floor":6.0,"key":"SMITH"},{"data":"Anger","floor":10.0,"key":"SMITH"},{"data":"Bash","floor":15,"key":"SMITH"}],"neow_cost":"NONE","seed_source_timestamp":372009229591159,"circlet_count":0,"master_deck":["AscendersBane","Strike_R","Strike_R","Strike_R","Strike_R","Strike_R","Defend_R","Defend_R","Defend_R","Defend_R","Bash+1","Anger+1","Pommel Strike+1","Shrug It Off","Ghostly Armor","Combust","Battle Trance"],"special_seed":0,"relics":["Burning Blood","CeramicFish","Lantern","Centennial Puzzle","Question Card","Potion Belt","Juzu Bracelet"],"potions_floor_usage":[16],"damage_taken":[{"damage":4.0,"enemies":"Jaw Worm","floor":1.0,"turns":5.0},{"damage":1.0,"enemies":"Cultist","floor":2.0,"turns":3.0},{"damage":4.0,"enemies":"2 Louse","floor":3.0,"turns":3.0},{"damage":13.0,"enemies":"Large Slime","floor":7.0,"turns":6.0},{"damage":27.0,"enemies":"3 Sentries","floor":8.0,"turns":8.0},{"damage":1.0,"enemies":"3 Louse","floor":11.0,"turns":3.0},{"damage":37.0,"enemies":"Lagavulin","floor":12.0,"turns":8.0},{"damage":0.0,"enemies":"Blue Slaver","floor":13.0,"turns":3.0},{"damage":16,"enemies":"The Guardian","floor":16,"turns":6}],"seed_played":"7774556437771164432","potions_obtained":[{"floor":3.0,"key":"FearPotion"},{"floor":11.0,"key":"DuplicationPotion"},{"floor":12.0,"key":"EssenceOfSteel"}],"is_trial":false,"path_per_floor":["M","M","M","$","?","R","M","E","T","R","M","E","M","?","R","B"],"character_chosen":"IRONCLAD","items_purchased":["Lantern"],"campfire_rested":0,"item_purchase_floors":[4],"current_hp_per_floor":[70,75,75,75,75,75,68,47,47,47,52,21,27,20,20,4],"gold":213,"neow_bonus":"RANDOM_COMMON_RELIC","is_prod":false,"is_daily":false,"chose_seed":false,"campfire_upgraded":3,"win_rate":0,"timestamp":1656628676,"path_taken":["M","M","M","$","?","R","M","E","T","R","?","E","M","?","R","BOSS"],"build_version":"2022-03-07","purchased_purges":0,"victory":false,"max_hp_per_floor":[75,75,75,75,75,75,75,75,75,75,75,75,75,75,75,75],"relic_stats":{"Centennial Puzzle":[15],"counters":[9,45],"CeramicFish":54,"Juzu Bracelet":0,"Question Card":3,"obtain_stats":[{"Potion Belt":9,"Lantern":4,"Centennial Puzzle":5,"CeramicFish":0,"Juzu Bracelet":12,"Question Card":8,"Burning Blood":0},{"Potion Belt":5,"Lantern":3,"Centennial Puzzle":3,"CeramicFish":0,"Juzu Bracelet":7,"Question Card":5,"Burning Blood":0},{"Potion Belt":25,"Lantern":11,"Centennial Puzzle":11,"CeramicFish":0,"Juzu Bracelet":36,"Question Card":25,"Burning Blood":0}],"Burning Blood":46},"card_choices":[{"not_picked":["Wild Strike","Warcry"],"picked":"Anger","floor":1.0},{"not_picked":["Juggernaut","Flex"],"picked":"Pommel Strike","floor":2.0},{"not_picked":["Armaments","Headbutt"],"picked":"Shrug It Off","floor":3.0},{"not_picked":["Warcry","Perfected Strike","Feel No Pain"],"picked":"SKIP","floor":7.0},{"not_picked":["True Grit","Brutality"],"picked":"Ghostly Armor","floor":8.0},{"not_picked":["Clothesline","Heavy Blade","Headbutt"],"picked":"Combust","floor":11.0},{"not_picked":["Flame Barrier","True Grit","Wild Strike"],"picked":"Battle Trance","floor":12.0},{"not_picked":["Havoc","Pummel","Heavy Blade","Body Slam"],"picked":"SKIP","floor":13.0}],"player_experience":999119,"relics_obtained":[{"floor":5.0,"key":"Centennial Puzzle"},{"floor":8.0,"key":"Question Card"},{"floor":9.0,"key":"Potion Belt"},{"floor":12.0,"key":"Juzu Bracelet"}],"event_choices":[{"damage_healed":0.0,"max_hp_gain":0.0,"max_hp_loss":0.0,"gold_gain":0.0,"event_name":"Wheel of Change","player_choice":"Relic","floor":5.0,"gold_loss":0.0,"damage_taken":0.0},{"damage_healed":0,"gold_gain":50,"player_choice":"Touch","damage_taken":7,"max_hp_gain":0,"max_hp_loss":0,"event_name":"FaceTrader","floor":14,"gold_loss":0}],"is_beta":false,"boss_relics":[],"items_purged_floors":[],"is_endless":false,"potions_floor_spawned":[3,11,12],"killed_by":"The Guardian","ascension_level":20}