{"gold_per_floor":[154,154,154,204,242,242,279,279,279,279,323,351,351,435,435,435],"floor_reached":16,"playtime":1030,"items_purged":[],"score":216,"play_id":"745a35fd-361e-4285-8de4-ce82efcdb3f3","local_time":"20220628023513","is_ascension_mode":true,"campfire_choices":[{"data":"HandOfGreed","floor":6.0,"key":"SMITH"},{"data":"Double Tap","floor":8.0,"key":"SMITH"},{"data":"Flame Barrier","floor":10.0,"key":"SMITH"},{"data":"Pommel Strike","floor":13.0,"key":"SMITH"},{"data":"Whirlwind","floor":15,"key":"SMITH"}],"neow_cost":"TEN_PERCENT_HP_LOSS","seed_source_timestamp":274517126880991,"circlet_count":0,"master_deck":["AscendersBane","Strike_R","Strike_R","Strike_R","Strike_R","Strike_R","Defend_R","Defend_R","Defend_R","Defend_R","Bash","HandOfGreed+1","Headbutt","Flame Barrier+1","Double Tap+1","Whirlwind+1","Pommel Strike+1"],"special_seed":0,"relics":["Burning Blood","Calipers","Gremlin Horn","Kunai","Orichalcum"],"potions_floor_usage":[16],"damage_taken":[{"damage":5.0,"enemies":"Small Slimes","floor":1.0,"turns":5.0},{"damage":3.0,"enemies":"2 Louse","floor":5.0,"turns":3.0},{"damage":0.0,"enemies":"Cultist","floor":7.0,"turns":2.0},{"damage":0.0,"enemies":"2 Fungi Beasts","floor":11.0,"turns":3.0},{"damage":36.0,"enemies":"Lagavulin","floor":12.0,"turns":7.0},{"damage":25,"enemies":"3 Sentries","floor":14,"turns":7},{"damage":32,"enemies":"The Guardian","floor":16,"turns":12}],"seed_played":"-1010514335857534328","potions_obtained":[{"floor":1.0,"key":"Ancient Potion"},{"floor":14,"key":"BlessingOfTheForge"}],"is_trial":false,"path_per_floor":["M","?","?","?","M","R","M","R","T","R","M","E","R","E","R","B"],"character_chosen":"IRONCLAD","items_purchased":[],"campfire_rested":0,"item_purchase_floors":[],"current_hp_per_floor":[68,57,62,55,58,58,64,64,64,64,70,40,40,21,21,0],"gold":435,"neow_bonus":"RANDOM_COLORLESS_2","is_prod":false,"is_daily":false,"chose_seed":false,"campfire_upgraded":5,"win_rate":0,"timestamp":1656408913,"path_taken":["M","?","?","?","M","R","M","R","T","R","?","E","R","E","R","BOSS"],"build_version":"2022-03-07","purchased_purges":0,"victory":false,"max_hp_per_floor":[68,68,73,73,73,73,73,73,73,73,73,73,73,73,73,73],"relic_stats":{"Calipers":[0],"Gremlin Horn":[3,3],"counters":[7,39],"Kunai":[1],"Orichalcum":[30],"obtain_stats":[{"Calipers":2,"Gremlin Horn":9,"Kunai":12,"Orichalcum":14,"Burning Blood":0},{"Calipers":1,"Gremlin Horn":3,"Kunai":5,"Orichalcum":6,"Burning Blood":0},{"Calipers":5,"Gremlin Horn":10,"Kunai":20,"Orichalcum":27,"Burning Blood":0}],"Burning Blood":35},"card_choices":[{"not_picked":["Transmutation","Secret Weapon"],"picked":"HandOfGreed","floor":0.0},{"not_picked":["Wild Strike","Reckless Charge"],"picked":"Headbutt","floor":1.0},{"not_picked":["Anger","Spot Weakness"],"picked":"Flame Barrier","floor":5.0},{"not_picked":["Pommel Strike","Fire Breathing"],"picked":"Double Tap","floor":7.0},{"not_picked":["Wild Strike","Havoc"],"picked":"Whirlwind","floor":11.0},{"not_picked":["Perfected Strike","Sword Boomerang"],"picked":"Pommel Strike","floor":12.0},{"not_picked":["Iron Wave","Wild Strike","Anger"],"picked":"SKIP","floor":14}],"player_experience":991227,"relics_obtained":[{"floor":9.0,"key":"Gremlin Horn"},{"floor":12.0,"key":"Kunai"},{"floor":14,"key":"Orichalcum"}],"event_choices":[{"damage_healed":0.0,"max_hp_gain":0.0,"max_hp_loss":0.0,"gold_gain":0.0,"event_name":"Scrap Ooze","player_choice":"Success","floor":2.0,"gold_loss":0.0,"damage_taken":11.0,"relics_obtained":["Calipers"]},{"damage_healed":0.0,"max_hp_gain":5.0,"max_hp_loss":0.0,"gold_gain":0.0,"event_name":"Big Fish","player_choice":"Donut","floor":3.0,"gold_loss":0.0,"damage_taken":0.0},{"damage_healed":0.0,"max_hp_gain":0.0,"max_hp_loss":0.0,"gold_gain":50.0,"event_name":"FaceTrader","player_choice":"Touch","floor":4.0,"gold_loss":0.0,"damage_taken":7.0}],"is_beta":false,"boss_relics":[],"items_purged_floors":[],"is_endless":false,"potions_floor_spawned":[1,14],"killed_by":"The Guardian","ascension_level":20}