{"gold_per_floor":[128,151,151,175,250,250,277,299,352,352,376,376,404,404,404,492,492,512,537,587,599,624,624,624],"floor_reached":24,"playtime":1412,"items_purged":[],"score":416,"play_id":"a2aa23f9-d277-4944-9779-9b24808d47cc","local_time":"20220701033728","is_ascension_mode":true,"campfire_choices":[{"data":"Bash","floor":6.0,"key":"SMITH"},{"floor":10.0,"key":"REST"},{"data":"Perfected Strike","floor":15.0,"key":"SMITH"},{"data":"Berserk","floor":23,"key":"SMITH"}],"neow_cost":"NONE","seed_source_timestamp":394789167967235,"circlet_count":0,"master_deck":["AscendersBane","Strike_R","Strike_R","Strike_R","Strike_R+1","Strike_R","Defend_R","Defend_R","Defend_R","Defend_R","Bash+1","Perfected Strike+1","Inflame+1","Shrug It Off","Shockwave+1","Cleave+1","Limit Break+1","Armaments+1","Sword Boomerang","Berserk+1"],"special_seed":0,"relics":["Burning Blood","CeramicFish","Toxic Egg 2","Orichalcum","Whetstone","Runic Pyramid"],"potions_floor_usage":[18,22],"damage_taken":[{"damage":23.0,"enemies":"Jaw Worm","floor":1.0,"turns":6.0},{"damage":1.0,"enemies":"Cultist","floor":2.0,"turns":3.0},{"damage":5.0,"enemies":"Small Slimes","floor":4.0,"turns":3.0},{"damage":45.0,"enemies":"Lagavulin","floor":7.0,"turns":9.0},{"damage":9.0,"enemies":"3 Louse","floor":8.0,"turns":5.0},{"damage":7.0,"enemies":"Large Slime","floor":11.0,"turns":9.0},{"damage":12.0,"enemies":"Gremlin Nob","floor":13.0,"turns":4.0},{"damage":42,"enemies":"Hexaghost","floor":16,"turns":9},{"damage":12,"enemies":"Shell Parasite","floor":18,"turns":3},{"damage":7,"enemies":"3 Byrds","floor":19,"turns":5},{"damage":32,"enemies":"Sentry and Sphere","floor":21,"turns":7},{"damage":8,"enemies":"Snake Plant","floor":22,"turns":4},{"damage":23,"enemies":"Slavers","floor":24,"turns":2}],"seed_played":"-3277025239607379925","potions_obtained":[{"floor":1.0,"key":"SteroidPotion"},{"floor":3.0,"key":"Fruit Juice"},{"floor":3.0,"key":"EssenceOfSteel"},{"floor":4.0,"key":"CultistPotion"},{"floor":7.0,"key":"ElixirPotion"},{"floor":11.0,"key":"EssenceOfSteel"},{"floor":13.0,"key":"Energy Potion"},{"floor":18,"key":"EssenceOfSteel"}],"is_trial":false,"path_per_floor":["M","M","?","M","?","R","E","M","T","R","M","?","E","?","R","B",null,"M","M","?","M","M","R","E"],"character_chosen":"IRONCLAD","items_purchased":[],"campfire_rested":1,"item_purchase_floors":[],"current_hp_per_floor":[51,56,61,62,51,51,12,9,9,33,32,32,26,52,52,16,64,58,57,57,31,29,29,6],"gold":624,"neow_bonus":"RANDOM_COMMON_RELIC","is_prod":false,"is_daily":false,"chose_seed":false,"campfire_upgraded":3,"win_rate":0,"timestamp":1656671848,"path_taken":["M","M","?","?","?","R","E","M","T","R","M","?","E","?","R","BOSS","M","M","?","M","M","R","E"],"build_version":"2022-03-07","purchased_purges":0,"victory":false,"max_hp_per_floor":[75,75,80,80,80,80,80,80,80,80,80,80,80,80,80,80,80,80,80,80,80,80,80,80],"relic_stats":{"counters":[13,69],"CeramicFish":81,"Whetstone":["Strike_R","Cleave"],"Orichalcum":[138],"obtain_stats":[{"CeramicFish":0,"Whetstone":13,"Toxic Egg 2":7,"Orichalcum":9,"Burning Blood":0,"Runic Pyramid":17},{"CeramicFish":0,"Whetstone":7,"Toxic Egg 2":4,"Orichalcum":5,"Burning Blood":0,"Runic Pyramid":8},{"CeramicFish":0,"Whetstone":39,"Toxic Egg 2":21,"Orichalcum":26,"Burning Blood":0,"Runic Pyramid":48}],"Burning Blood":72},"card_choices":[{"not_picked":["Second Wind","Rupture"],"picked":"Perfected Strike","floor":1.0},{"not_picked":["Searing Blow","Wild Strike"],"picked":"Inflame","floor":2.0},{"not_picked":["Inflame","Disarm"],"picked":"Shrug It Off","floor":4.0},{"not_picked":["Hemokinesis","Blood for Blood","Rupture"],"picked":"SKIP","floor":7.0},{"not_picked":["Wild Strike","Reckless Charge"],"picked":"Shockwave+1","floor":8.0},{"not_picked":["Havoc+1","Perfected Strike"],"picked":"Cleave","floor":11.0},{"not_picked":["Rage+1","Inflame","Headbutt"],"picked":"SKIP","floor":13.0},{"not_picked":["Double Tap+1","Reaper"],"picked":"Limit Break+1","floor":16},{"not_picked":["Havoc+1","Carnage"],"picked":"Armaments+1","floor":18},{"not_picked":["Body Slam","Anger"],"picked":"Sword Boomerang","floor":19},{"not_picked":["Combust+1","Sever Soul","Thunderclap"],"picked":"SKIP","floor":21},{"not_picked":["Sentinel+1","Perfected Strike"],"picked":"Berserk","floor":22}],"player_experience":1000199,"relics_obtained":[{"floor":7.0,"key":"Toxic Egg 2"},{"floor":9.0,"key":"Orichalcum"},{"floor":13.0,"key":"Whetstone"}],"event_choices":[{"damage_healed":0.0,"max_hp_gain":0.0,"max_hp_loss":0.0,"gold_gain":0.0,"event_name":"Lab","player_choice":"Got Potions","floor":3.0,"gold_loss":0.0,"damage_taken":0.0},{"damage_healed":0.0,"max_hp_gain":0.0,"max_hp_loss":0.0,"gold_gain":75.0,"event_name":"World of Goop","player_choice":"Gather Gold","floor":5.0,"gold_loss":0.0,"damage_taken":11.0},{"damage_healed":0.0,"max_hp_gain":0.0,"max_hp_loss":0.0,"gold_gain":0.0,"event_name":"Living Wall","player_choice":"Grow","floor":12.0,"gold_loss":0.0,"damage_taken":0.0,"cards_upgraded":["Inflame"]},{"damage_healed":26.0,"max_hp_gain":0.0,"max_hp_loss":0.0,"gold_gain":0.0,"event_name":"Big Fish","player_choice":"Banana","floor":14.0,"gold_loss":0.0,"damage_taken":0.0},{"damage_healed":0,"gold_gain":50,"player_choice":"Pray","damage_taken":0,"max_hp_gain":0,"max_hp_loss":0,"event_name":"Golden Shrine","floor":20,"gold_loss":0}],"is_beta":false,"boss_relics":[{"not_picked":["Busted Crown","Runic Dome"],"picked":"Runic Pyramid"}],"items_purged_floors":[],"is_endless":false,"potions_floor_spawned":[1,4,7,11,13,18],"killed_by":"Slavers","ascension_level":20}