{"gold_per_floor":[115,134,134,59,73,73,85,85,85,85,85,160,183,218,218,218],"floor_reached":16,"playtime":616,"items_purged":["Regret"],"score":200,"play_id":"52f38e65-c57b-4b74-b2a7-59d97db2a5fc","local_time":"20220626030344","is_ascension_mode":true,"campfire_choices":[{"floor":6.0,"key":"DIG"},{"floor":8.0,"key":"DIG"},{"floor":10.0,"key":"DIG"},{"data":"Armaments","floor":15,"key":"SMITH"}],"neow_cost":"TEN_PERCENT_HP_LOSS","seed_source_timestamp":181258651379216,"circlet_count":0,"master_deck":["AscendersBane","Strike_R","Strike_R","Strike_R","Strike_R","Strike_R","Defend_R","Defend_R","Defend_R","Defend_R","Bash","Armaments+1","Hemokinesis","Ghostly Armor","Bloodletting","Power Through"],"special_seed":0,"relics":["Burning Blood","Shovel","Frozen Egg 2","CaptainsWheel","Ancient Tea Set","HornCleat","MealTicket","Golden Idol","Boot"],"potions_floor_usage":[14,14],"damage_taken":[{"damage":7.0,"enemies":"Cultist","floor":1.0,"turns":4.0},{"damage":4.0,"enemies":"2 Louse","floor":2.0,"turns":4.0},{"damage":2.0,"enemies":"Small Slimes","floor":5.0,"turns":2.0},{"damage":13.0,"enemies":"Exordium Wildlife","floor":7.0,"turns":5.0},{"damage":0.0,"enemies":"3 Louse","floor":13.0,"turns":5.0},{"damage":43,"enemies":"Lagavulin","floor":14,"turns":7},{"damage":20,"enemies":"Slime Boss","floor":16,"turns":7}],"seed_played":"-1026538005470105727","potions_obtained":[{"floor":5.0,"key":"Regen Potion"},{"floor":7.0,"key":"Fruit Juice"}],"is_trial":false,"path_per_floor":["M","M","?","$","M","R","M","R","T","R","?","?","M","E","R","B"],"character_chosen":"IRONCLAD","items_purchased":[],"campfire_rested":0,"item_purchase_floors":[],"current_hp_per_floor":[67,68,68,68,68,68,61,61,61,61,38,27,33,16,16,0],"gold":218,"neow_bonus":"ONE_RARE_RELIC","is_prod":false,"is_daily":false,"chose_seed":false,"campfire_upgraded":1,"win_rate":0,"timestamp":1656237824,"path_taken":["M","M","?","$","M","R","M","R","T","R","?","?","M","E","R","BOSS"],"build_version":"2022-03-07","purchased_purges":1,"victory":false,"max_hp_per_floor":[68,68,68,68,68,68,68,68,68,68,68,68,68,73,73,73],"relic_stats":{"Shovel":3,"counters":[7,34],"Golden Idol":12,"MealTicket":0,"Ancient Tea Set":[4],"Boot":[0],"obtain_stats":[{"CaptainsWheel":6,"Shovel":0,"HornCleat":9,"Golden Idol":11,"MealTicket":10,"Frozen Egg 2":3,"Ancient Tea Set":8,"Boot":14,"Burning Blood":0},{"CaptainsWheel":3,"Shovel":0,"HornCleat":4,"Golden Idol":4,"MealTicket":4,"Frozen Egg 2":2,"Ancient Tea Set":4,"Boot":6,"Burning Blood":0},{"CaptainsWheel":10,"Shovel":0,"HornCleat":15,"Golden Idol":15,"MealTicket":15,"Frozen Egg 2":8,"Ancient Tea Set":15,"Boot":27,"Burning Blood":0}],"Burning Blood":31},"card_choices":[{"not_picked":["Clothesline","Anger"],"picked":"Armaments","floor":1.0},{"not_picked":["Rampage","Blood for Blood"],"picked":"Hemokinesis","floor":2.0},{"not_picked":["Perfected Strike","Body Slam"],"picked":"Ghostly Armor","floor":5.0},{"not_picked":["Rampage","Sword Boomerang"],"picked":"Bloodletting","floor":7.0},{"not_picked":["Hemokinesis","Perfected Strike","Second Wind"],"picked":"SKIP","floor":13.0},{"not_picked":["Sentinel","Clash"],"picked":"Power Through","floor":14}],"player_experience":990611,"relics_obtained":[{"floor":6.0,"key":"CaptainsWheel"},{"floor":8.0,"key":"Ancient Tea Set"},{"floor":9.0,"key":"HornCleat"},{"floor":10.0,"key":"MealTicket"},{"floor":14,"key":"Boot"}],"event_choices":[{"damage_healed":0.0,"max_hp_gain":0.0,"max_hp_loss":0.0,"gold_gain":0.0,"event_name":"Big Fish","player_choice":"Box","floor":3.0,"gold_loss":0.0,"damage_taken":0.0,"relics_obtained":["Frozen Egg 2"],"cards_obtained":["Regret"]},{"damage_healed":0.0,"max_hp_gain":0.0,"max_hp_loss":0.0,"gold_gain":0.0,"event_name":"Golden Idol","player_choice":"Take Damage","floor":11.0,"gold_loss":0.0,"damage_taken":23.0,"relics_obtained":["Golden Idol"]},{"damage_healed":0.0,"max_hp_gain":0.0,"max_hp_loss":0.0,"gold_gain":75.0,"event_name":"World of Goop","player_choice":"Gather Gold","floor":12.0,"gold_loss":0.0,"damage_taken":11.0}],"is_beta":false,"boss_relics":[],"items_purged_floors":[4],"is_endless":false,"potions_floor_spawned":[5,7],"killed_by":"Slime Boss","ascension_level":20}