{"gold_per_floor":[117,136,152,48,58,58,93,93,120,144,186,210,244,49,49,133,133,151,174,174,189,189,224,224,258,285,314,314,326,11,52,52,52],"floor_reached":33,"playtime":2757,"items_purged":["Strike_R","Strike_R","Strike_R+1"],"score":654,"play_id":"79e53f49-9c61-49c3-a296-05bef5aa32a6","local_time":"20220623205405","is_ascension_mode":true,"campfire_choices":[{"data":"Barricade","floor":6.0,"key":"SMITH"},{"data":"Immolate","floor":8.0,"key":"SMITH"},{"data":"Body Slam","floor":15.0,"key":"SMITH"},{"floor":24.0,"key":"REST"},{"data":"Demon Form","floor":32,"key":"SMITH"}],"neow_cost":"NONE","seed_source_timestamp":77201421953166,"circlet_count":0,"master_deck":["AscendersBane","Strike_R+1","Strike_R+1","Defend_R+1","Defend_R+1","Defend_R+1","Defend_R+1","Bash","Barricade+1","Flame Barrier","Pommel Strike","Spot Weakness","Shrug It Off","Immolate+1","Inflame","Pummel","Shrug It Off","Inflame","Shrug It Off+1","Body Slam+1","Demon Form+1","Shockwave+1","Warcry+1","Battle Trance+1","Limit Break+1"],"special_seed":0,"relics":["Burning Blood","CeramicFish","Bronze Scales","Akabeko","Toxic Egg 2","SacredBark","Mercury Hourglass","Blue Candle","Oddly Smooth Stone","Membership Card","Red Skull","HornCleat"],"potions_floor_usage":[31,33],"damage_taken":[{"damage":2.0,"enemies":"Cultist","floor":1.0,"turns":4.0},{"damage":0.0,"enemies":"2 Louse","floor":2.0,"turns":3.0},{"damage":9.0,"enemies":"Small Slimes","floor":3.0,"turns":5.0},{"damage":12.0,"enemies":"2 Fungi Beasts","floor":5.0,"turns":4.0},{"damage":41.0,"enemies":"3 Sentries","floor":7.0,"turns":11.0},{"damage":0.0,"enemies":"Large Slime","floor":10.0,"turns":2.0},{"damage":1.0,"enemies":"Lagavulin","floor":11.0,"turns":8.0},{"damage":3.0,"enemies":"Looter","floor":12.0,"turns":2.0},{"damage":16.0,"enemies":"Gremlin Nob","floor":13.0,"turns":4.0},{"damage":13.0,"enemies":"Slime Boss","floor":16.0,"turns":7.0},{"damage":37.0,"enemies":"Shell Parasite","floor":18.0,"turns":6.0},{"damage":7.0,"enemies":"2 Thieves","floor":19.0,"turns":3.0},{"damage":17.0,"enemies":"Snecko","floor":21.0,"turns":6.0},{"damage":50.0,"enemies":"Slavers","floor":23.0,"turns":7.0},{"damage":24.0,"enemies":"Book of Stabbing","floor":25.0,"turns":4.0},{"damage":2.0,"enemies":"3 Cultists","floor":27.0,"turns":2.0},{"damage":0.0,"enemies":"Sentry and Sphere","floor":29.0,"turns":6.0},{"damage":7,"enemies":"Slavers","floor":31,"turns":3},{"damage":38,"enemies":"Automaton","floor":33,"turns":8}],"seed_played":"-8458031994317836364","potions_obtained":[{"floor":5.0,"key":"SteroidPotion"},{"floor":10.0,"key":"Swift Potion"},{"floor":11.0,"key":"BlessingOfTheForge"},{"floor":12.0,"key":"Block Potion"},{"floor":16.0,"key":"FairyPotion"},{"floor":18.0,"key":"Strength Potion"},{"floor":27.0,"key":"SteroidPotion"},{"floor":31,"key":"PowerPotion"}],"is_trial":false,"path_per_floor":["M","M","M","$","M","R","E","R","T","M","E","M","E","$","R","B",null,"M","M","?","M","?","E","R","E","T","M","?","M","$","E","R","B"],"character_chosen":"IRONCLAD","items_purchased":["Shrug It Off","Shrug It Off+1","Body Slam","Membership Card","Red Skull"],"campfire_rested":1,"item_purchase_floors":[4,14,14,30,30],"current_hp_per_floor":[72,75,72,72,66,66,31,31,31,37,42,45,35,35,35,28,63,32,31,31,20,20,25,47,29,29,33,33,39,39,38,38,0],"gold":52,"neow_bonus":"ONE_RANDOM_RARE_CARD","is_prod":false,"is_daily":false,"chose_seed":false,"campfire_upgraded":4,"win_rate":0,"timestamp":1656042845,"path_taken":["M","M","?","?","M","R","E","R","T","M","E","M","E","$","R","BOSS","M","M","?","M","?","E","R","E","T","M","?","M","$","E","R","BOSS"],"build_version":"2022-03-07","purchased_purges":3,"victory":false,"max_hp_per_floor":[75,75,75,75,75,75,75,75,75,75,75,75,75,75,75,75,75,75,75,75,75,75,75,75,75,75,75,75,75,75,75,75,75],"relic_stats":{"counters":[19,95],"CeramicFish":108,"Bronze Scales":[150],"Blue Candle":[0],"Membership Card":147,"obtain_stats":[{"HornCleat":31,"CeramicFish":7,"Bronze Scales":9,"SacredBark":17,"Blue Candle":25,"Oddly Smooth Stone":26,"Membership Card":30,"Toxic Egg 2":13,"Burning Blood":0,"Akabeko":11,"Red Skull":30,"Mercury Hourglass":23},{"HornCleat":18,"CeramicFish":5,"Bronze Scales":5,"SacredBark":10,"Blue Candle":15,"Oddly Smooth Stone":15,"Membership Card":17,"Toxic Egg 2":9,"Burning Blood":0,"Akabeko":7,"Red Skull":17,"Mercury Hourglass":14},{"HornCleat":87,"CeramicFish":27,"Bronze Scales":27,"SacredBark":50,"Blue Candle":76,"Oddly Smooth Stone":76,"Membership Card":84,"Toxic Egg 2":43,"Burning Blood":0,"Akabeko":37,"Red Skull":84,"Mercury Hourglass":72}],"Burning Blood":105,"Mercury Hourglass":[87]},"card_choices":[{"not_picked":["Headbutt","Iron Wave"],"picked":"Flame Barrier","floor":1.0},{"not_picked":["Heavy Blade","Sword Boomerang"],"picked":"Pommel Strike","floor":2.0},{"not_picked":["Dark Embrace","Iron Wave"],"picked":"Spot Weakness","floor":3.0},{"not_picked":["Havoc","Evolve","Clothesline"],"picked":"SKIP","floor":5.0},{"not_picked":["Havoc","Combust"],"picked":"Immolate","floor":7.0},{"not_picked":["Searing Blow","Disarm"],"picked":"Inflame","floor":10.0},{"not_picked":["Wild Strike","Iron Wave"],"picked":"Pummel","floor":11.0},{"not_picked":["Clash","Cleave"],"picked":"Shrug It Off","floor":12.0},{"not_picked":["Clothesline","Dual Wield+1"],"picked":"Inflame","floor":13.0},{"not_picked":["Offering+1","Brutality"],"picked":"Demon Form","floor":16.0},{"not_picked":["Clash+1","Flex+1","Sword Boomerang"],"picked":"SKIP","floor":18.0},{"not_picked":["Havoc+1","Dropkick"],"picked":"Shockwave+1","floor":19.0},{"not_picked":["Havoc+1","Sword Boomerang","True Grit+1"],"picked":"SKIP","floor":21.0},{"not_picked":["Havoc+1","Sword Boomerang","True Grit+1"],"picked":"SKIP","floor":21.0},{"not_picked":["Demon Form","Iron Wave"],"picked":"Warcry+1","floor":23.0},{"not_picked":["Spot Weakness+1","Twin Strike","Heavy Blade"],"picked":"SKIP","floor":25.0},{"not_picked":["Anger","Heavy Blade+1"],"picked":"Battle Trance+1","floor":27.0},{"not_picked":["Thunderclap","Hemokinesis+1","Bloodletting+1"],"picked":"SKIP","floor":29.0},{"not_picked":["Blood for Blood","Wild Strike"],"picked":"Limit Break+1","floor":31}],"player_experience":986934,"relics_obtained":[{"floor":7.0,"key":"CeramicFish"},{"floor":9.0,"key":"Bronze Scales"},{"floor":11.0,"key":"Akabeko"},{"floor":13.0,"key":"Toxic Egg 2"},{"floor":23.0,"key":"Mercury Hourglass"},{"floor":25.0,"key":"Blue Candle"},{"floor":26.0,"key":"Oddly Smooth Stone"},{"floor":31,"key":"HornCleat"}],"event_choices":[{"damage_healed":0.0,"max_hp_gain":0.0,"max_hp_loss":0.0,"gold_gain":0.0,"event_name":"Cursed Tome","player_choice":"Ignored","floor":20.0,"gold_loss":0.0,"damage_taken":0.0},{"damage_healed":0.0,"max_hp_gain":0.0,"max_hp_loss":0.0,"gold_gain":0.0,"event_name":"Vampires","player_choice":"Ignored","floor":22.0,"gold_loss":0.0,"damage_taken":0.0},{"damage_healed":0.0,"max_hp_gain":0.0,"max_hp_loss":0.0,"gold_gain":0.0,"event_name":"Back to Basics","player_choice":"Simplicity","floor":28.0,"gold_loss":0.0,"damage_taken":0.0,"cards_upgraded":["Strike_R","Strike_R","Strike_R","Defend_R","Defend_R","Defend_R","Defend_R"]}],"is_beta":false,"boss_relics":[{"not_picked":["Pandora\u0027s Box","Runic Dome"],"picked":"SacredBark"}],"items_purged_floors":[4,14,30],"is_endless":false,"potions_floor_spawned":[5,10,11,12,16,18,27,31],"killed_by":"Automaton","ascension_level":20}