{"gold_per_floor":[113,113,127,62,74,74,99,112,112,137,152,168,168,201,201,274,274,292,306,306,318,336,336,371,371,418,445,475,487,514,202,202,274,274,291,291,291,309,325,351,351,378,378,378,46,46,59,91,91,91],"floor_reached":50,"playtime":6430,"items_purged":["Strike_R"],"score":1284,"play_id":"965d628d-f82f-4bf7-8a2c-889bb20d01b7","local_time":"20220629183023","is_ascension_mode":true,"campfire_choices":[{"data":"Spot Weakness","floor":6.0,"key":"SMITH"},{"data":"Rupture","floor":13.0,"key":"SMITH"},{"data":"Shockwave","floor":15.0,"key":"SMITH"},{"data":"Immolate","floor":23.0,"key":"SMITH"},{"data":"Flame Barrier","floor":25.0,"key":"SMITH"},{"floor":29.0,"key":"REST"},{"data":"Pommel Strike","floor":32.0,"key":"SMITH"},{"data":"Berserk","floor":41.0,"key":"SMITH"},{"data":"Bloodletting","floor":44.0,"key":"SMITH"},{"floor":49,"key":"RECALL"}],"neow_cost":"NONE","seed_source_timestamp":339422940979952,"circlet_count":0,"master_deck":["AscendersBane","Strike_R","Strike_R","Defend_R","Defend_R+1","Defend_R+1","Defend_R","Headbutt","Rupture+1","Spot Weakness+1","Bloodletting+1","Flame Barrier+1","Dropkick","Shockwave+1","Brutality","Pommel Strike+1","Battle Trance","Immolate+1","Cleave+1","Impervious","True Grit+1","Disarm","Berserk+1","Pummel+1","Sword Boomerang+1"],"special_seed":0,"relics":["Burning Blood","War Paint","Pear","Toy Ornithopter","Mummified Hand","White Beast Statue","SacredBark","Dream Catcher","Art of War","MawBank","Frozen Eye","Black Star","Boot","Bronze Scales","Mercury Hourglass","Centennial Puzzle","Membership Card","Meat on the Bone","Ancient Tea Set","MealTicket","StrikeDummy"],"potions_floor_usage":[48,50,50],"damage_taken":[{"damage":7.0,"enemies":"Cultist","floor":1.0,"turns":4.0},{"damage":2.0,"enemies":"2 Louse","floor":3.0,"turns":3.0},{"damage":5.0,"enemies":"Small Slimes","floor":5.0,"turns":4.0},{"damage":18.0,"enemies":"3 Sentries","floor":7.0,"turns":9.0},{"damage":2.0,"enemies":"Red Slaver","floor":8.0,"turns":4.0},{"damage":35.0,"enemies":"Gremlin Nob","floor":10.0,"turns":4.0},{"damage":6.0,"enemies":"Large Slime","floor":11.0,"turns":6.0},{"damage":7.0,"enemies":"Exordium Thugs","floor":12.0,"turns":6.0},{"damage":25.0,"enemies":"3 Sentries","floor":14.0,"turns":7.0},{"damage":38.0,"enemies":"Slime Boss","floor":16.0,"turns":8.0},{"damage":3.0,"enemies":"Spheric Guardian","floor":18.0,"turns":3.0},{"damage":20.0,"enemies":"Shell Parasite","floor":19.0,"turns":3.0},{"damage":16.0,"enemies":"3 Cultists","floor":21.0,"turns":4.0},{"damage":2.0,"enemies":"Snecko","floor":22.0,"turns":5.0},{"damage":28.0,"enemies":"Book of Stabbing","floor":24.0,"turns":4.0},{"damage":52.0,"enemies":"Slavers","floor":27.0,"turns":6.0},{"damage":22.0,"enemies":"Shelled Parasite and Fungi","floor":28.0,"turns":11.0},{"damage":10.0,"enemies":"Snake Plant","floor":30.0,"turns":4.0},{"damage":12.0,"enemies":"Champ","floor":33.0,"turns":9.0},{"damage":0.0,"enemies":"3 Shapes","floor":35.0,"turns":2.0},{"damage":1.0,"enemies":"Orb Walker","floor":38.0,"turns":3.0},{"damage":12.0,"enemies":"Transient","floor":39.0,"turns":6.0},{"damage":60.0,"enemies":"Nemesis","floor":40.0,"turns":9.0},{"damage":24.0,"enemies":"Reptomancer","floor":42.0,"turns":5.0},{"damage":12.0,"enemies":"Sphere and 2 Shapes","floor":47.0,"turns":4.0},{"damage":17,"enemies":"Nemesis","floor":48,"turns":7},{"damage":90,"enemies":"Awakened One","floor":50,"turns":9}],"seed_played":"-6298575431943277665","potions_obtained":[{"floor":0.0,"key":"DuplicationPotion"},{"floor":0.0,"key":"LiquidMemories"},{"floor":5.0,"key":"BloodPotion"},{"floor":8.0,"key":"Dexterity Potion"},{"floor":11.0,"key":"Fire Potion"},{"floor":12.0,"key":"Strength Potion"},{"floor":16.0,"key":"AttackPotion"},{"floor":18.0,"key":"Strength Potion"},{"floor":19.0,"key":"PowerPotion"},{"floor":21.0,"key":"Fire Potion"},{"floor":22.0,"key":"LiquidBronze"},{"floor":24.0,"key":"FearPotion"},{"floor":27.0,"key":"SpeedPotion"},{"floor":28.0,"key":"Swift Potion"},{"floor":30.0,"key":"Dexterity Potion"},{"floor":33.0,"key":"Energy Potion"},{"floor":35.0,"key":"SneckoOil"},{"floor":38.0,"key":"Fire Potion"},{"floor":39.0,"key":"DuplicationPotion"},{"floor":40.0,"key":"SkillPotion"},{"floor":42.0,"key":"Dexterity Potion"},{"floor":47.0,"key":"FearPotion"},{"floor":48,"key":"Regen Potion"}],"is_trial":false,"path_per_floor":["M","?","M","?","M","R","E","M","T","E","M","M","R","E","R","B",null,"M","M","?","M","M","R","E","R","T","E","M","R","M","$","R","B",null,"M","?","?","M","M","E","R","E","T","R","$","T","M","E","R","B"],"character_chosen":"IRONCLAD","items_purchased":["Disarm","Frozen Eye","Membership Card","Meat on the Bone","Fire Potion"],"campfire_rested":1,"item_purchase_floors":[31,31,45,45,45],"current_hp_per_floor":[67,67,71,71,72,72,70,74,74,45,67,66,66,47,47,20,69,77,68,68,63,72,72,55,55,55,14,8,33,29,29,29,33,72,83,83,81,81,80,26,26,18,18,18,18,18,29,35,35,0],"gold":91,"neow_bonus":"THREE_SMALL_POTIONS","is_prod":false,"is_daily":false,"chose_seed":false,"campfire_upgraded":8,"win_rate":0,"timestamp":1656552623,"path_taken":["M","?","M","?","M","R","E","M","T","E","M","M","R","E","R","BOSS","M","?","?","M","?","R","E","R","T","E","M","R","M","$","R","BOSS","M","?","?","M","?","E","R","E","T","R","$","?","M","E","R","BOSS"],"build_version":"2022-03-07","purchased_purges":1,"victory":false,"max_hp_per_floor":[75,75,75,75,75,75,85,85,85,85,85,85,85,85,85,85,85,85,85,85,85,85,85,85,85,85,85,85,85,85,85,85,85,85,85,85,81,81,81,81,81,81,81,81,81,81,81,81,81,81],"relic_stats":{"counters":[27,148],"War Paint":["Defend_R","Defend_R"],"MawBank":48,"Boot":[0],"Ancient Tea Set":[2],"Burning Blood":151,"White Beast Statue":[0.0,0.02499840000000001,0.0,0.27258880000000013,0.0,0.4967808000000003,0.0,0.1935360000000001,0.0,0.012096000000000006,0.0,7.671966464000003],"Mercury Hourglass":[75],"Frozen Eye":13.249064,"Dream Catcher":1,"Centennial Puzzle":[9],"Mummified Hand":[46],"Bronze Scales":[88],"MealTicket":0,"Art of War":[14],"Black Star":3,"Membership Card":171,"obtain_stats":[{"Pear":7,"SacredBark":17,"War Paint":4,"MawBank":27,"Boot":40,"Ancient Tea Set":46,"Burning Blood":0,"White Beast Statue":14,"Mercury Hourglass":42,"Frozen Eye":31,"Dream Catcher":24,"Centennial Puzzle":42,"Mummified Hand":10,"Bronze Scales":40,"MealTicket":48,"Art of War":26,"Black Star":34,"Membership Card":45,"StrikeDummy":48,"Toy Ornithopter":9,"Meat on the Bone":45},{"Pear":4,"SacredBark":10,"War Paint":2,"MawBank":16,"Boot":23,"Ancient Tea Set":24,"Burning Blood":0,"White Beast Statue":9,"Mercury Hourglass":24,"Frozen Eye":18,"Dream Catcher":15,"Centennial Puzzle":24,"Mummified Hand":6,"Bronze Scales":23,"MealTicket":26,"Art of War":15,"Black Star":19,"Membership Card":24,"StrikeDummy":26,"Toy Ornithopter":5,"Meat on the Bone":24},{"Pear":20,"SacredBark":55,"War Paint":7,"MawBank":80,"Boot":124,"Ancient Tea Set":129,"Burning Blood":0,"White Beast Statue":47,"Mercury Hourglass":129,"Frozen Eye":95,"Dream Catcher":74,"Centennial Puzzle":129,"Mummified Hand":28,"Bronze Scales":124,"MealTicket":140,"Art of War":74,"Black Star":104,"Membership Card":129,"StrikeDummy":140,"Toy Ornithopter":24,"Meat on the Bone":129}],"Toy Ornithopter":100,"Meat on the Bone":24},"card_choices":[{"not_picked":["Thunderclap","Pummel"],"picked":"Headbutt","floor":1.0},{"not_picked":["Rage","Wild Strike"],"picked":"Spot Weakness","floor":3.0},{"not_picked":["Warcry","Spot Weakness"],"picked":"Bloodletting","floor":5.0},{"not_picked":["Headbutt","Feel No Pain"],"picked":"Flame Barrier","floor":7.0},{"not_picked":["Searing Blow","Thunderclap"],"picked":"Dropkick","floor":8.0},{"not_picked":["Bloodletting","Sword Boomerang"],"picked":"Shockwave","floor":10.0},{"not_picked":["Fire Breathing","Whirlwind"],"picked":"Brutality","floor":11.0},{"not_picked":["Anger","Wild Strike"],"picked":"Pommel Strike","floor":12.0},{"not_picked":["Wild Strike","Body Slam"],"picked":"Battle Trance","floor":14.0},{"not_picked":["Demon Form","Double Tap"],"picked":"Immolate","floor":16.0},{"not_picked":["Perfected Strike","Wild Strike"],"picked":"Cleave+1","floor":18.0},{"not_picked":["Intimidate+1","Rampage"],"picked":"Impervious","floor":19.0},{"not_picked":["Iron Wave","Anger","Second Wind"],"picked":"SKIP","floor":21.0},{"not_picked":["Anger","Spot Weakness","Feel No Pain"],"picked":"SKIP","floor":22.0},{"not_picked":["Havoc","True Grit","Infernal Blade"],"picked":"SKIP","floor":24.0},{"not_picked":["Spot Weakness","Hemokinesis","Flex"],"picked":"SKIP","floor":27.0},{"not_picked":["Spot Weakness","Hemokinesis","Flex"],"picked":"SKIP","floor":27.0},{"not_picked":["Cleave","Ghostly Armor"],"picked":"True Grit+1","floor":28.0},{"not_picked":["Anger","Rage","Armaments"],"picked":"SKIP","floor":30.0},{"not_picked":["Demon Form","Corruption"],"picked":"Berserk","floor":33.0},{"not_picked":["Headbutt","Heavy Blade","Searing Blow"],"picked":"SKIP","floor":35.0},{"not_picked":["Iron Wave","Clothesline","Warcry"],"picked":"SKIP","floor":38.0},{"not_picked":["Sword Boomerang","Shrug It Off"],"picked":"Pummel+1","floor":39.0},{"not_picked":["Perfected Strike+1","Armaments+1","Body Slam+1"],"picked":"SKIP","floor":40.0},{"not_picked":["Blood for Blood+1","True Grit","Second Wind"],"picked":"SKIP","floor":42.0},{"not_picked":["Immolate","Dropkick","Armaments"],"picked":"SKIP","floor":47.0},{"not_picked":["Thunderclap+1","Havoc+1"],"picked":"Sword Boomerang+1","floor":48}],"player_experience":992257,"relics_obtained":[{"floor":7.0,"key":"Pear"},{"floor":9.0,"key":"Toy Ornithopter"},{"floor":10.0,"key":"Mummified Hand"},{"floor":14.0,"key":"White Beast Statue"},{"floor":24.0,"key":"Dream Catcher"},{"floor":26.0,"key":"Art of War"},{"floor":27.0,"key":"MawBank"},{"floor":40.0,"key":"Boot"},{"floor":40.0,"key":"Bronze Scales"},{"floor":42.0,"key":"Mercury Hourglass"},{"floor":42.0,"key":"Centennial Puzzle"},{"floor":46.0,"key":"Ancient Tea Set"},{"floor":48,"key":"MealTicket"},{"floor":48,"key":"StrikeDummy"}],"event_choices":[{"damage_healed":0.0,"max_hp_gain":0.0,"max_hp_loss":0.0,"gold_gain":0.0,"cards_transformed":["Strike_R"],"event_name":"Living Wall","player_choice":"Change","floor":2.0,"gold_loss":0.0,"damage_taken":0.0,"cards_obtained":["Rupture"]},{"damage_healed":0.0,"max_hp_gain":0.0,"max_hp_loss":0.0,"gold_gain":0.0,"event_name":"WeMeetAgain","player_choice":"Paid Gold","floor":4.0,"gold_loss":65.0,"damage_taken":0.0,"relics_obtained":["War Paint"]},{"cards_removed":["Strike_R"],"damage_healed":0.0,"max_hp_gain":0.0,"max_hp_loss":0.0,"gold_gain":0.0,"event_name":"Bonfire Elementals","player_choice":"Offered Basic","floor":20.0,"gold_loss":0.0,"damage_taken":0.0},{"cards_removed":["Bash"],"damage_healed":0.0,"max_hp_gain":0.0,"max_hp_loss":0.0,"gold_gain":0.0,"event_name":"Falling","player_choice":"Removed Attack","floor":36.0,"gold_loss":0.0,"damage_taken":0.0},{"damage_healed":0.0,"max_hp_gain":0.0,"max_hp_loss":4.0,"gold_gain":0.0,"event_name":"Winding Halls","player_choice":"Max HP","floor":37.0,"gold_loss":0.0,"damage_taken":0.0}],"is_beta":false,"boss_relics":[{"not_picked":["Tiny House","Pandora\u0027s Box"],"picked":"SacredBark"},{"not_picked":["Velvet Choker","Runic Cube"],"picked":"Black Star"}],"items_purged_floors":[31],"is_endless":false,"potions_floor_spawned":[5,8,11,12,16,18,19,21,22,24,27,28,30,33,35,38,39,40,42,47,48],"killed_by":"Awakened One","ascension_level":20}