{"gold_per_floor":[114,133,208,208,228,228,153,178,204,49,49,77,96,114,114,114],"floor_reached":16,"playtime":1013,"items_purged":[],"score":220,"play_id":"027eb321-b14c-44fb-9b1c-f998c5032757","local_time":"20220701175459","is_ascension_mode":true,"campfire_choices":[{"data":"Fire Breathing","floor":6.0,"key":"SMITH"},{"data":"Corruption","floor":11.0,"key":"SMITH"},{"data":"Dark Embrace","floor":15.0,"key":"SMITH"}],"neow_cost":"NONE","seed_source_timestamp":424081534698626,"circlet_count":0,"master_deck":["AscendersBane","Strike_R","Strike_R","Strike_R","Defend_R","Defend_R","Defend_R","Defend_R","Bash","Finesse","Fire Breathing+1","Reckless Charge","Headbutt","Corruption+1","Dark Embrace+1","Ghostly Armor","Sentinel"],"special_seed":0,"relics":["Burning Blood","Centennial Puzzle","Anchor","Strawberry"],"potions_floor_usage":[16,16],"damage_taken":[{"damage":0.0,"enemies":"2 Louse","floor":1.0,"turns":4.0},{"damage":7.0,"enemies":"Small Slimes","floor":2.0,"turns":3.0},{"damage":1.0,"enemies":"Cultist","floor":5.0,"turns":3.0},{"damage":14.0,"enemies":"3 Sentries","floor":8.0,"turns":4.0},{"damage":20.0,"enemies":"Gremlin Nob","floor":12.0,"turns":4.0},{"damage":7.0,"enemies":"Large Slime","floor":13.0,"turns":3.0},{"damage":5.0,"enemies":"Exordium Wildlife","floor":14.0,"turns":5.0},{"damage":55,"enemies":"The Guardian","floor":16,"turns":11}],"seed_played":"2063790079393540306","potions_obtained":[{"floor":5.0,"key":"BlessingOfTheForge"},{"floor":8.0,"key":"Block Potion"},{"floor":12.0,"key":"SkillPotion"},{"floor":14.0,"key":"SkillPotion"}],"is_trial":false,"path_per_floor":["M","M","?","?","M","R","?","E","T","$","R","E","M","M","R","B"],"character_chosen":"IRONCLAD","items_purchased":["Dark Embrace","Ghostly Armor"],"campfire_rested":0,"item_purchase_floors":[10,10],"current_hp_per_floor":[74,73,62,62,67,67,67,59,59,59,59,52,51,52,52,0],"gold":114,"neow_bonus":"RANDOM_COLORLESS","is_prod":false,"is_daily":false,"chose_seed":false,"campfire_upgraded":3,"win_rate":0,"timestamp":1656723299,"path_taken":["M","M","?","?","?","R","?","E","T","$","R","E","M","M","R","BOSS"],"build_version":"2022-03-07","purchased_purges":0,"victory":false,"max_hp_per_floor":[75,75,75,75,75,75,75,75,75,75,75,82,82,82,82,82],"relic_stats":{"Centennial Puzzle":[12],"counters":[8,37],"obtain_stats":[{"Centennial Puzzle":8,"Anchor":9,"Strawberry":12,"Burning Blood":0},{"Centennial Puzzle":4,"Anchor":4,"Strawberry":5,"Burning Blood":0},{"Centennial Puzzle":14,"Anchor":14,"Strawberry":18,"Burning Blood":0}],"Burning Blood":42},"card_choices":[{"not_picked":["Madness","Jack Of All Trades"],"picked":"Finesse","floor":0.0},{"not_picked":["Second Wind","Ghostly Armor"],"picked":"Fire Breathing","floor":1.0},{"not_picked":["Havoc","Armaments"],"picked":"Reckless Charge","floor":2.0},{"not_picked":["Sentinel","Twin Strike"],"picked":"Headbutt","floor":5.0},{"not_picked":["Sword Boomerang","Wild Strike"],"picked":"Corruption","floor":8.0},{"not_picked":["Fire Breathing","Iron Wave","Metallicize"],"picked":"SKIP","floor":12.0},{"not_picked":["Sword Boomerang","Clash"],"picked":"Sentinel","floor":13.0},{"not_picked":["Headbutt","Perfected Strike","Iron Wave"],"picked":"SKIP","floor":14.0}],"player_experience":1001611,"relics_obtained":[{"floor":8.0,"key":"Centennial Puzzle"},{"floor":9.0,"key":"Anchor"},{"floor":12.0,"key":"Strawberry"}],"event_choices":[{"damage_healed":0.0,"max_hp_gain":0.0,"max_hp_loss":0.0,"gold_gain":75.0,"event_name":"World of Goop","player_choice":"Gather Gold","floor":3.0,"gold_loss":0.0,"damage_taken":11.0},{"cards_removed":["Strike_R"],"damage_healed":0.0,"max_hp_gain":0.0,"max_hp_loss":0.0,"gold_gain":0.0,"event_name":"Purifier","player_choice":"Purged","floor":4.0,"gold_loss":0.0,"damage_taken":0.0},{"cards_removed":["Strike_R"],"damage_healed":0.0,"max_hp_gain":0.0,"max_hp_loss":0.0,"gold_gain":0.0,"event_name":"The Cleric","player_choice":"Card Removal","floor":7.0,"gold_loss":75.0,"damage_taken":0.0}],"is_beta":false,"boss_relics":[],"items_purged_floors":[],"is_endless":false,"potions_floor_spawned":[5,8,12,14],"killed_by":"The Guardian","ascension_level":20}