{"gold_per_floor":[216,16,32,182,182,198,198,223,248,273,323,333,333,368,368,368],"floor_reached":16,"playtime":920,"items_purged":[],"score":236,"play_id":"2b6ec48b-92cc-4bbe-a95e-5084adffdd85","local_time":"20220626025223","is_ascension_mode":true,"campfire_choices":[{"data":"Pommel Strike","floor":7.0,"key":"SMITH"},{"floor":15.0,"key":"REST"}],"neow_cost":"NONE","seed_source_timestamp":180185715900760,"circlet_count":0,"master_deck":["AscendersBane","Strike_R","Strike_R","Strike_R","Strike_R","Strike_R","Defend_R","Defend_R","Defend_R","Defend_R","Bash","Intimidate","Cleave","Shrug It Off","Pommel Strike+1","Fiend Fire","Carnage"],"special_seed":0,"relics":["Burning Blood","Akabeko","Blood Vial","MealTicket","Question Card","Singing Bowl"],"potions_floor_usage":[],"damage_taken":[{"damage":4.0,"enemies":"2 Louse","floor":1.0,"turns":3.0},{"damage":0.0,"enemies":"Cultist","floor":3.0,"turns":2.0},{"damage":7.0,"enemies":"Small Slimes","floor":6.0,"turns":4.0},{"damage":47.0,"enemies":"Lagavulin","floor":8.0,"turns":7.0},{"damage":2.0,"enemies":"3 Sentries","floor":10.0,"turns":5.0},{"damage":11.0,"enemies":"Blue Slaver","floor":12.0,"turns":3.0},{"damage":22.0,"enemies":"Lagavulin","floor":14.0,"turns":4.0},{"damage":25,"enemies":"Slime Boss","floor":16,"turns":7}],"seed_played":"-583065569570892721","potions_obtained":[{"floor":1.0,"key":"Explosive Potion"},{"floor":8.0,"key":"SneckoOil"},{"floor":12.0,"key":"CultistPotion"},{"floor":14.0,"key":"LiquidBronze"}],"is_trial":false,"path_per_floor":["M","$","M","?","?","M","R","E","T","E","?","M","?","E","R","B"],"character_chosen":"IRONCLAD","items_purchased":["Cleave","Akabeko"],"campfire_rested":1,"item_purchase_floors":[2,2],"current_hp_per_floor":[70,70,75,75,68,67,67,26,26,32,25,22,22,10,33,10],"gold":368,"neow_bonus":"HUNDRED_GOLD","is_prod":false,"is_daily":false,"chose_seed":false,"campfire_upgraded":1,"win_rate":0,"timestamp":1656237143,"path_taken":["M","$","M","?","?","M","R","E","T","E","?","?","?","E","R","BOSS"],"build_version":"2022-03-07","purchased_purges":0,"victory":false,"max_hp_per_floor":[75,75,75,75,75,75,75,75,75,75,75,75,75,77,77,77],"relic_stats":{"Blood Vial":8,"Singing Bowl":2,"counters":[8,35],"MealTicket":0,"Question Card":2,"obtain_stats":[{"Blood Vial":8,"Singing Bowl":14,"MealTicket":9,"Question Card":10,"Burning Blood":0,"Akabeko":2},{"Blood Vial":4,"Singing Bowl":7,"MealTicket":4,"Question Card":5,"Burning Blood":0,"Akabeko":1},{"Blood Vial":16,"Singing Bowl":28,"MealTicket":16,"Question Card":21,"Burning Blood":0,"Akabeko":3}],"Burning Blood":41},"card_choices":[{"not_picked":["Seeing Red","Bloodletting"],"picked":"Intimidate","floor":1.0},{"not_picked":["Spot Weakness","Headbutt"],"picked":"Shrug It Off","floor":3.0},{"not_picked":["Anger","Flex"],"picked":"Pommel Strike","floor":6.0},{"not_picked":["Flex","Heavy Blade"],"picked":"Fiend Fire","floor":8.0},{"not_picked":["Ghostly Armor","Infernal Blade"],"picked":"Carnage","floor":10.0},{"not_picked":["Clothesline","Headbutt","Perfected Strike","Havoc"],"picked":"SKIP","floor":12.0},{"not_picked":["Twin Strike","Dark Embrace","Blood for Blood","Wild Strike"],"picked":"Singing Bowl","floor":14.0}],"player_experience":989691,"relics_obtained":[{"floor":8.0,"key":"Blood Vial"},{"floor":9.0,"key":"MealTicket"},{"floor":10.0,"key":"Question Card"},{"floor":14.0,"key":"Singing Bowl"}],"event_choices":[{"damage_healed":0.0,"max_hp_gain":0.0,"max_hp_loss":0.0,"gold_gain":150.0,"event_name":"Liars Game","player_choice":"AGREE","floor":4.0,"gold_loss":0.0,"damage_taken":0.0,"cards_obtained":["Doubt"]},{"cards_removed":["Doubt"],"damage_healed":0.0,"max_hp_gain":0.0,"max_hp_loss":0.0,"gold_gain":0.0,"event_name":"Golden Wing","player_choice":"Card Removal","floor":5.0,"gold_loss":0.0,"damage_taken":7.0},{"damage_healed":0.0,"max_hp_gain":0.0,"max_hp_loss":0.0,"gold_gain":50.0,"event_name":"FaceTrader","player_choice":"Touch","floor":11.0,"gold_loss":0.0,"damage_taken":7.0},{"damage_healed":0.0,"max_hp_gain":0.0,"max_hp_loss":0.0,"gold_gain":0.0,"event_name":"Dead Adventurer","player_choice":"Searched \u00270\u0027 times","floor":13.0,"gold_loss":0.0,"damage_taken":0.0},{"damage_healed":0.0,"max_hp_gain":0.0,"max_hp_loss":0.0,"gold_gain":0.0,"event_name":"Dead Adventurer","player_choice":"Searched \u00270\u0027 times","floor":13.0,"gold_loss":0.0,"damage_taken":0.0}],"is_beta":false,"boss_relics":[],"items_purged_floors":[],"is_endless":false,"potions_floor_spawned":[1,8,12,14],"killed_by":"Slime Boss","ascension_level":20}