{"gold_per_floor":[130,130,184,217,321,321,384,384,408,408,67,108,158,214,214,303,303,347,365,27,100,119,119,188,256,256,291,291,312,68,68,68,159,159,197,253,253,277,362,418,418,55,55,388,428,457,457,517,517,542,542,542,542,21,53,53],"floor_reached":57,"playtime":4965,"items_purged":["Strike_R","Strike_R"],"score":2695,"play_id":"f24a6b2a-6ba0-475b-80d6-a227edcac3d1","local_time":"20220708024444","is_ascension_mode":true,"campfire_choices":[{"floor":6.0,"key":"REST"},{"floor":8.0,"key":"REST"},{"data":"HandOfGreed","floor":10.0,"key":"SMITH"},{"data":"Apotheosis","floor":15.0,"key":"SMITH"},{"floor":23.0,"key":"REST"},{"floor":32.0,"key":"REST"},{"floor":41.0,"key":"RECALL"},{"floor":49.0,"key":"REST"},{"floor":53.0,"key":"REST"}],"neow_cost":"PERCENT_DAMAGE","seed_source_timestamp":0,"circlet_count":0,"master_deck":["AscendersBane","Defend_R","Defend_R","Defend_R","Bash","HandOfGreed+1","Evolve","Sword Boomerang","Shrug It Off","Uppercut","Apotheosis+1","Power Through","Fire Breathing","Offering","Headbutt","Second Wind","Limit Break","Headbutt+1","Intimidate+1","Infernal Blade+1","Spot Weakness","Shrug It Off","Dark Embrace+1","Sadistic Nature","Trip","Impervious"],"special_seed":0,"relics":["Burning Blood","Regal Pillow","Nunchaku","Toy Ornithopter","Juzu Bracelet","Fusion Hammer","Ice Cream","Charon\u0027s Ashes","Pear","Vajra","Red Skull","MutagenicStrength","Astrolabe","Mango","Dead Branch","Bronze Scales","OrangePellets","Bottled Lightning","MealTicket","Toolbox","Self Forming Clay"],"potions_floor_usage":[56,56],"damage_taken":[{"damage":14.0,"enemies":"Jaw Worm","floor":1.0,"turns":4.0},{"damage":7.0,"enemies":"Small Slimes","floor":3.0,"turns":4.0},{"damage":13.0,"enemies":"Cultist","floor":4.0,"turns":5.0},{"damage":31.0,"enemies":"Lots of Slimes","floor":5.0,"turns":11.0},{"damage":25.0,"enemies":"Gremlin Nob","floor":7.0,"turns":4.0},{"damage":5.0,"enemies":"Blue Slaver","floor":12.0,"turns":9.0},{"damage":4.0,"enemies":"Lagavulin","floor":14.0,"turns":7.0},{"damage":19.0,"enemies":"Hexaghost","floor":16.0,"turns":9.0},{"damage":16.0,"enemies":"Spheric Guardian","floor":18.0,"turns":5.0},{"damage":11.0,"enemies":"Chosen","floor":19.0,"turns":5.0},{"damage":29.0,"enemies":"Centurion and Healer","floor":21.0,"turns":9.0},{"damage":6.0,"enemies":"Cultist and Chosen","floor":22.0,"turns":8.0},{"damage":16.0,"enemies":"Sentry and Sphere","floor":24.0,"turns":6.0},{"damage":29.0,"enemies":"Book of Stabbing","floor":25.0,"turns":5.0},{"damage":34.0,"enemies":"Gremlin Leader","floor":27.0,"turns":6.0},{"damage":6.0,"enemies":"Snake Plant","floor":29.0,"turns":2.0},{"damage":34.0,"enemies":"Automaton","floor":33.0,"turns":8.0},{"damage":14.0,"enemies":"Orb Walker","floor":35.0,"turns":4.0},{"damage":6.0,"enemies":"Mind Bloom Boss Battle","floor":36.0,"turns":4.0},{"damage":20.0,"enemies":"3 Darklings","floor":38.0,"turns":5.0},{"damage":17.0,"enemies":"2 Orb Walkers","floor":39.0,"turns":4.0},{"damage":13.0,"enemies":"Reptomancer","floor":40.0,"turns":8.0},{"damage":5.0,"enemies":"Spire Growth","floor":45.0,"turns":6.0},{"damage":7.0,"enemies":"Giant Head","floor":46.0,"turns":4.0},{"damage":6.0,"enemies":"Sphere and 2 Shapes","floor":48.0,"turns":4.0},{"damage":41.0,"enemies":"Time Eater","floor":50.0,"turns":7.0},{"damage":29.0,"enemies":"Awakened One","floor":51.0,"turns":5.0},{"damage":9.0,"enemies":"Shield and Spear","floor":55.0,"turns":3.0},{"damage":28,"enemies":"The Heart","floor":56,"turns":7}],"seed_played":"-2729354647053920342","potions_obtained":[{"floor":1.0,"key":"FearPotion"},{"floor":5.0,"key":"PowerPotion"},{"floor":7.0,"key":"Dexterity Potion"},{"floor":19.0,"key":"CultistPotion"},{"floor":22.0,"key":"ColorlessPotion"},{"floor":25.0,"key":"PowerPotion"},{"floor":29.0,"key":"Weak Potion"},{"floor":33.0,"key":"SteroidPotion"},{"floor":35.0,"key":"Regen Potion"},{"floor":39.0,"key":"BlessingOfTheForge"},{"floor":40.0,"key":"PowerPotion"}],"is_trial":false,"path_per_floor":["M","?","M","M","M","R","E","R","T","R","$","M","?","E","R","B",null,"M","M","$","M","M","R","M","E","T","E","T","M","$","?","R","B",null,"M","?","?","M","?","E","R","$","T","?","M","E","?","M","R","B","B",null,"R","$","E","B",null],"character_chosen":"IRONCLAD","items_purchased":["Toy Ornithopter","Apotheosis","Ice Cream","Red Skull","OrangePellets","Spot Weakness","PowerPotion","Toolbox","Sadistic Nature","Trip"],"campfire_rested":6,"item_purchase_floors":[11,11,20,30,42,42,54,54,54,54],"current_hp_per_floor":[42,42,41,34,9,29,10,45,45,45,45,46,46,48,48,35,60,50,45,45,22,22,57,52,29,39,16,16,16,16,16,54,31,66,58,72,72,58,64,57,57,57,57,57,58,57,57,57,87,52,34,74,87,87,84,65],"gold":53,"neow_bonus":"RANDOM_COLORLESS_2","is_prod":false,"is_daily":false,"chose_seed":false,"campfire_upgraded":2,"win_rate":0,"timestamp":1657266284,"path_taken":["M","?","M","M","M","R","E","R","T","R","$","M","?","E","R","BOSS","M","M","$","M","M","R","M","E","T","E","?","M","$","?","R","BOSS","BOSS","M","?","?","M","?","E","R","$","T","?","M","E","?","M","R","BOSS","BOSS","R","$","E","BOSS"],"build_version":"2022-03-07","purchased_purges":2,"victory":true,"max_hp_per_floor":[75,68,68,68,68,68,68,68,68,68,68,68,68,68,68,68,68,68,68,68,68,68,68,68,68,78,78,78,78,78,78,78,78,78,78,92,92,92,92,92,92,92,92,92,92,92,87,87,87,87,87,87,87,87,87,87],"relic_stats":{"Ice Cream":[104],"Regal Pillow":49,"counters":[29,168],"Self Forming Clay":[9],"Astrolabe":["Headbutt","Intimidate","Infernal Blade"],"Dead Branch":[131],"Charon\u0027s Ashes":[596],"Juzu Bracelet":3,"Burning Blood":174,"OrangePellets":[13],"Nunchaku":[20],"Bronze Scales":[161],"MealTicket":0,"Bottled Lightning":"Apotheosis","obtain_stats":[{"Ice Cream":20,"Regal Pillow":7,"Pear":26,"Golden Idol":2,"Self Forming Clay":55,"Astrolabe":34,"Dead Branch":39,"Vajra":27,"Mango":36,"Charon\u0027s Ashes":25,"Juzu Bracelet":14,"Burning Blood":0,"OrangePellets":42,"Nunchaku":9,"MutagenicStrength":31,"Bronze Scales":40,"Toolbox":54,"MealTicket":46,"Fusion Hammer":17,"Bottled Lightning":43,"Toy Ornithopter":11,"Red Skull":30},{"Ice Cream":10,"Regal Pillow":5,"Pear":14,"Golden Idol":1,"Self Forming Clay":28,"Astrolabe":17,"Dead Branch":21,"Vajra":15,"Mango":19,"Charon\u0027s Ashes":14,"Juzu Bracelet":7,"Burning Blood":0,"OrangePellets":22,"Nunchaku":5,"MutagenicStrength":16,"Bronze Scales":22,"Toolbox":27,"MealTicket":24,"Fusion Hammer":8,"Bottled Lightning":22,"Toy Ornithopter":5,"Red Skull":16},{"Ice Cream":63,"Regal Pillow":28,"Pear":91,"Golden Idol":4,"Self Forming Clay":161,"Astrolabe":107,"Dead Branch":124,"Vajra":97,"Mango":115,"Charon\u0027s Ashes":91,"Juzu Bracelet":44,"Burning Blood":0,"OrangePellets":132,"Nunchaku":28,"MutagenicStrength":99,"Bronze Scales":132,"Toolbox":158,"MealTicket":142,"Fusion Hammer":53,"Bottled Lightning":132,"Toy Ornithopter":28,"Red Skull":99}],"Toy Ornithopter":28},"card_choices":[{"not_picked":["Chrysalis","Mayhem"],"picked":"HandOfGreed","floor":0.0},{"not_picked":["Seeing Red","Clothesline"],"picked":"Evolve","floor":1.0},{"not_picked":["Fire Breathing","Iron Wave"],"picked":"Sword Boomerang","floor":3.0},{"not_picked":["Havoc","Anger","Carnage"],"picked":"SKIP","floor":4.0},{"not_picked":["Fire Breathing","Clash"],"picked":"Shrug It Off","floor":5.0},{"not_picked":["Fiend Fire","Iron Wave"],"picked":"Uppercut","floor":7.0},{"not_picked":["Burning Pact","Iron Wave"],"picked":"Power Through","floor":12.0},{"not_picked":["Warcry","Seeing Red"],"picked":"Fire Breathing","floor":14.0},{"not_picked":["Berserk","Brutality"],"picked":"Offering","floor":16.0},{"not_picked":["Flex","Clothesline","Ghostly Armor"],"picked":"SKIP","floor":18.0},{"not_picked":["Thunderclap","Burning Pact","True Grit"],"picked":"SKIP","floor":19.0},{"not_picked":["Flex","Clash","Infernal Blade"],"picked":"SKIP","floor":21.0},{"not_picked":["True Grit","Iron Wave+1","Flex"],"picked":"SKIP","floor":22.0},{"not_picked":["Intimidate","Fire Breathing","Carnage"],"picked":"SKIP","floor":24.0},{"not_picked":["Havoc","Headbutt","Brutality"],"picked":"SKIP","floor":25.0},{"not_picked":["Havoc","Brutality"],"picked":"Headbutt","floor":25.0},{"not_picked":["Power Through","Clash","Searing Blow"],"picked":"SKIP","floor":27.0},{"not_picked":["Clothesline","Cleave"],"picked":"Second Wind","floor":29.0},{"not_picked":["Feed","Reaper"],"picked":"Limit Break","floor":33.0},{"not_picked":["Feel No Pain","Metallicize+1","Twin Strike"],"picked":"SKIP","floor":35.0},{"not_picked":["Rage","Burning Pact","Twin Strike"],"picked":"SKIP","floor":38.0},{"not_picked":["Fire Breathing","Evolve","Intimidate"],"picked":"SKIP","floor":40.0},{"not_picked":["Flame Barrier","Rupture"],"picked":"Shrug It Off","floor":45.0},{"not_picked":["Armaments","Carnage","Clash"],"picked":"SKIP","floor":46.0},{"not_picked":["Perfected Strike","Armaments+1"],"picked":"Dark Embrace+1","floor":48.0},{"not_picked":["Clash+1","Entrench"],"picked":"Impervious","floor":55.0}],"player_experience":1015331,"relics_obtained":[{"floor":7.0,"key":"Regal Pillow"},{"floor":9.0,"key":"Nunchaku"},{"floor":14.0,"key":"Juzu Bracelet"},{"floor":25.0,"key":"Charon\u0027s Ashes"},{"floor":26.0,"key":"Pear"},{"floor":27.0,"key":"Vajra"},{"floor":36.0,"key":"Mango"},{"floor":39.0,"key":"Dead Branch"},{"floor":40.0,"key":"Bronze Scales"},{"floor":43.0,"key":"Bottled Lightning"},{"floor":46.0,"key":"MealTicket"},{"floor":55.0,"key":"Self Forming Clay"}],"event_choices":[{"damage_healed":0.0,"max_hp_gain":0.0,"max_hp_loss":7.0,"gold_gain":0.0,"event_name":"Golden Idol","player_choice":"Lose Max HP","floor":2.0,"gold_loss":0.0,"damage_taken":0.0,"relics_obtained":["Golden Idol"]},{"damage_healed":0.0,"max_hp_gain":0.0,"max_hp_loss":0.0,"gold_gain":50.0,"event_name":"Golden Shrine","player_choice":"Pray","floor":13.0,"gold_loss":0.0,"damage_taken":0.0},{"damage_healed":0.0,"max_hp_gain":0.0,"max_hp_loss":0.0,"gold_gain":0.0,"event_name":"Drug Dealer","player_choice":"Inject Mutagens","floor":31.0,"gold_loss":0.0,"damage_taken":0.0,"relics_obtained":["MutagenicStrength"]},{"damage_healed":0.0,"max_hp_gain":0.0,"max_hp_loss":0.0,"gold_gain":0.0,"event_name":"MindBloom","player_choice":"Fight","floor":36.0,"gold_loss":0.0,"damage_taken":0.0},{"cards_removed":["Strike_R"],"damage_healed":0.0,"max_hp_gain":0.0,"max_hp_loss":0.0,"gold_gain":0.0,"event_name":"Wheel of Change","player_choice":"Card Removal","floor":37.0,"gold_loss":0.0,"damage_taken":0.0},{"damage_healed":0.0,"max_hp_gain":0.0,"max_hp_loss":0.0,"gold_gain":0.0,"event_name":"Mysterious Sphere","player_choice":"Fight","floor":39.0,"gold_loss":0.0,"damage_taken":0.0},{"damage_healed":0.0,"max_hp_gain":0.0,"max_hp_loss":0.0,"gold_gain":333.0,"event_name":"The Moai Head","player_choice":"Gave Idol","floor":44.0,"relics_lost":["Golden Idol"],"gold_loss":0.0,"damage_taken":0.0},{"damage_healed":0.0,"max_hp_gain":0.0,"max_hp_loss":5.0,"gold_gain":0.0,"event_name":"Winding Halls","player_choice":"Max HP","floor":47.0,"gold_loss":0.0,"damage_taken":0.0}],"is_beta":false,"boss_relics":[{"not_picked":["SlaversCollar","Sozu"],"picked":"Fusion Hammer"},{"not_picked":["Snecko Eye","Runic Dome"],"picked":"Astrolabe"}],"items_purged_floors":[30,42],"is_endless":false,"potions_floor_spawned":[1,5,7,19,22,25,29,33,35,39,40,45,55],"ascension_level":20}