{"gold_per_floor":[109,121,46,66,66,92,92,127,173,204,219,219,219,253,253,330,330,342,267,267,267,285,315,315,331,355,355,388,388,401,435,435,509,509,526,540,540,222,233,233,233,233,233,263,263,293,293,305,305,305,305],"floor_reached":51,"playtime":4875,"items_purged":["Defend_R"],"score":1528,"play_id":"94387ff4-948b-4acb-bac2-4e6807fb0d7c","local_time":"20220707030802","is_ascension_mode":true,"campfire_choices":[{"floor":7.0,"key":"REST"},{"data":"Shockwave","floor":13.0,"key":"SMITH"},{"floor":15.0,"key":"REST"},{"data":"Ghostly","floor":24.0,"key":"SMITH"},{"data":"Armaments","floor":29.0,"key":"SMITH"},{"data":"Ghostly","floor":32.0,"key":"SMITH"},{"data":"Ghostly","floor":40.0,"key":"SMITH"},{"data":"Spot Weakness","floor":42.0,"key":"SMITH"},{"data":"Pommel Strike","floor":45.0,"key":"SMITH"},{"data":"Exhume","floor":47.0,"key":"SMITH"},{"floor":49,"key":"RECALL"}],"neow_cost":"NONE","seed_source_timestamp":0,"circlet_count":0,"master_deck":["AscendersBane","Strike_R","Strike_R","Defend_R","Defend_R","Bash","Dropkick","Shockwave+1","Shrug It Off","Spot Weakness+1","Pommel Strike+1","Flame Barrier","Battle Trance","Reaper","Sword Boomerang","Ghostly+1","Ghostly+1","Ghostly+1","Intimidate+1","Second Wind","Power Through","Armaments+1","Feed","Flash of Steel","Flex","Exhume+1"],"special_seed":0,"relics":["Runic Pyramid","Gremlin Horn","Dream Catcher","Pocketwatch","Centennial Puzzle","Philosopher\u0027s Stone","Lantern","Smiling Mask","Akabeko","Question Card","SlaversCollar","Bronze Scales","Singing Bowl","Happy Flower","Omamori"],"potions_floor_usage":[],"damage_taken":[{"damage":0.0,"enemies":"2 Louse","floor":1.0,"turns":3.0},{"damage":1.0,"enemies":"Cultist","floor":2.0,"turns":3.0},{"damage":1.0,"enemies":"Small Slimes","floor":4.0,"turns":4.0},{"damage":29.0,"enemies":"3 Sentries","floor":6.0,"turns":11.0},{"damage":7.0,"enemies":"Lagavulin","floor":8.0,"turns":6.0},{"damage":17.0,"enemies":"Gremlin Nob","floor":10.0,"turns":4.0},{"damage":3.0,"enemies":"Exordium Wildlife","floor":11.0,"turns":5.0},{"damage":5.0,"enemies":"3 Sentries","floor":14.0,"turns":8.0},{"damage":9.0,"enemies":"The Guardian","floor":16.0,"turns":12.0},{"damage":2.0,"enemies":"Chosen","floor":18.0,"turns":5.0},{"damage":2.0,"enemies":"Shell Parasite","floor":22.0,"turns":4.0},{"damage":35.0,"enemies":"Slavers","floor":23.0,"turns":9.0},{"damage":11.0,"enemies":"Snecko","floor":25.0,"turns":8.0},{"damage":0.0,"enemies":"Gremlin Leader","floor":28.0,"turns":7.0},{"damage":2.0,"enemies":"Centurion and Healer","floor":30.0,"turns":6.0},{"damage":12.0,"enemies":"Book of Stabbing","floor":31.0,"turns":6.0},{"damage":22.0,"enemies":"Collector","floor":33.0,"turns":10.0},{"damage":4.0,"enemies":"3 Shapes","floor":35.0,"turns":5.0},{"damage":2.0,"enemies":"Orb Walker","floor":36.0,"turns":4.0},{"damage":0.0,"enemies":"4 Shapes","floor":39.0,"turns":8.0},{"damage":5.0,"enemies":"Giant Head","floor":44.0,"turns":8.0},{"damage":9.0,"enemies":"Nemesis","floor":46.0,"turns":9.0},{"damage":3,"enemies":"Jaw Worm Horde","floor":48,"turns":4},{"damage":22,"enemies":"Time Eater","floor":50,"turns":12},{"damage":66,"enemies":"Donu and Deca","floor":51,"turns":9}],"seed_played":"8287727143311896849","potions_obtained":[{"floor":4.0,"key":"Swift Potion"},{"floor":6.0,"key":"SmokeBomb"},{"floor":10.0,"key":"SpeedPotion"},{"floor":11.0,"key":"Block Potion"},{"floor":16.0,"key":"Energy Potion"},{"floor":22.0,"key":"BloodPotion"},{"floor":30.0,"key":"LiquidMemories"},{"floor":31.0,"key":"Block Potion"},{"floor":33.0,"key":"Strength Potion"}],"is_trial":false,"path_per_floor":["M","M","?","M","?","E","R","E","T","E","M","?","R","E","R","B",null,"M","?","?","?","M","E","R","M","T","?","E","R","M","E","R","B",null,"M","M","?","$","M","R","?","R","T","E","R","E","R","M","R","B","B"],"character_chosen":"IRONCLAD","items_purchased":["Bronze Scales","Flash of Steel"],"campfire_rested":2,"item_purchase_floors":[38,38],"current_hp_per_floor":[68,67,67,66,66,37,59,52,52,35,32,32,32,27,49,40,66,71,71,37,32,36,8,8,12,12,12,36,36,37,37,37,33,36,40,44,44,44,48,48,48,48,48,47,47,55,55,62,62,53,0],"gold":305,"neow_bonus":"BOSS_RELIC","is_prod":false,"is_daily":false,"chose_seed":false,"campfire_upgraded":8,"win_rate":0,"timestamp":1657181282,"path_taken":["M","M","?","M","?","E","R","E","T","E","?","?","R","E","R","BOSS","M","?","?","?","?","E","R","M","T","?","E","R","M","E","R","BOSS","M","M","?","$","M","R","?","R","T","E","R","E","R","M","R","BOSS","BOSS"],"build_version":"2022-03-07","purchased_purges":1,"victory":false,"max_hp_per_floor":[75,75,75,75,75,75,75,75,75,75,75,75,75,75,75,75,75,75,75,37,37,37,37,37,37,37,37,37,37,37,37,37,37,37,40,44,44,44,48,48,48,48,48,52,52,56,56,62,62,62,62],"relic_stats":{"Dream Catcher":1,"Centennial Puzzle":[45],"Gremlin Horn":[17,19],"Singing Bowl":2,"Happy Flower":[11],"counters":[25,170],"Bronze Scales":[186],"Omamori":0,"Smiling Mask":25,"Question Card":7,"obtain_stats":[{"Lantern":23,"Gremlin Horn":6,"Singing Bowl":43,"Happy Flower":44,"Omamori":46,"Smiling Mask":26,"Question Card":31,"Burning Blood":0,"Akabeko":28,"SlaversCollar":34,"Dream Catcher":8,"Centennial Puzzle":14,"Bronze Scales":38,"Philosopher\u0027s Stone":17,"Runic Pyramid":0,"Pocketwatch":10},{"Lantern":12,"Gremlin Horn":4,"Singing Bowl":20,"Happy Flower":21,"Omamori":22,"Smiling Mask":13,"Question Card":16,"Burning Blood":0,"Akabeko":14,"SlaversCollar":17,"Dream Catcher":5,"Centennial Puzzle":8,"Bronze Scales":19,"Philosopher\u0027s Stone":9,"Runic Pyramid":0,"Pocketwatch":6},{"Lantern":74,"Gremlin Horn":21,"Singing Bowl":128,"Happy Flower":136,"Omamori":145,"Smiling Mask":82,"Question Card":101,"Burning Blood":0,"Akabeko":89,"SlaversCollar":111,"Dream Catcher":27,"Centennial Puzzle":44,"Bronze Scales":120,"Philosopher\u0027s Stone":56,"Runic Pyramid":0,"Pocketwatch":31}],"Pocketwatch":[15]},"card_choices":[{"not_picked":["Clothesline","Metallicize"],"picked":"Dropkick","floor":1.0},{"not_picked":["Body Slam","Power Through"],"picked":"Shockwave","floor":2.0},{"not_picked":["Hemokinesis","Dropkick"],"picked":"Shrug It Off","floor":4.0},{"not_picked":["Power Through","Body Slam"],"picked":"Spot Weakness","floor":6.0},{"not_picked":["Iron Wave","Flex"],"picked":"Pommel Strike","floor":8.0},{"not_picked":["Carnage","Sever Soul"],"picked":"Flame Barrier","floor":10.0},{"not_picked":["Clash","Anger","Thunderclap"],"picked":"SKIP","floor":11.0},{"not_picked":["Wild Strike","True Grit","Perfected Strike"],"picked":"SKIP","floor":14.0},{"not_picked":["Heavy Blade","Cleave"],"picked":"Battle Trance","floor":15.0},{"not_picked":["Barricade","Limit Break"],"picked":"Reaper","floor":16.0},{"not_picked":["True Grit","Sever Soul"],"picked":"Sword Boomerang","floor":18.0},{"not_picked":["Hemokinesis","Cleave"],"picked":"Intimidate+1","floor":22.0},{"not_picked":["Searing Blow","Brutality"],"picked":"Second Wind","floor":23.0},{"not_picked":["Combust","Perfected Strike"],"picked":"Power Through","floor":25.0},{"not_picked":["Wild Strike","Headbutt"],"picked":"Armaments","floor":28.0},{"not_picked":["Clash+1","Havoc","Rupture"],"picked":"SKIP","floor":30.0},{"not_picked":["Evolve+1","True Grit","Anger"],"picked":"SKIP","floor":31.0},{"not_picked":["Double Tap","Impervious","Brutality"],"picked":"Feed","floor":33.0},{"not_picked":["Warcry","Twin Strike+1","Headbutt","Heavy Blade"],"picked":"SKIP","floor":35.0},{"not_picked":["Rampage+1","Burning Pact","Shrug It Off","Iron Wave+1"],"picked":"SKIP","floor":36.0},{"not_picked":["Sword Boomerang","Cleave","Thunderclap","Heavy Blade"],"picked":"SKIP","floor":39.0},{"not_picked":["Clothesline","Wild Strike","Feed"],"picked":"Flex","floor":44.0},{"not_picked":["Warcry","Spot Weakness+1","Feel No Pain"],"picked":"Exhume","floor":46.0},{"not_picked":["Perfected Strike","Sentinel","Clash+1","Shrug It Off"],"picked":"Singing Bowl","floor":48}],"player_experience":1010456,"relics_obtained":[{"floor":6.0,"key":"Gremlin Horn"},{"floor":8.0,"key":"Dream Catcher"},{"floor":10.0,"key":"Pocketwatch"},{"floor":14.0,"key":"Centennial Puzzle"},{"floor":23.0,"key":"Lantern"},{"floor":26.0,"key":"Smiling Mask"},{"floor":28.0,"key":"Akabeko"},{"floor":31.0,"key":"Question Card"},{"floor":43.0,"key":"Singing Bowl"},{"floor":44.0,"key":"Happy Flower"},{"floor":46.0,"key":"Omamori"}],"event_choices":[{"cards_removed":["Strike_R"],"damage_healed":0.0,"max_hp_gain":0.0,"max_hp_loss":0.0,"gold_gain":0.0,"event_name":"The Cleric","player_choice":"Card Removal","floor":3.0,"gold_loss":75.0,"damage_taken":0.0},{"cards_removed":["Defend_R"],"damage_healed":0.0,"max_hp_gain":0.0,"max_hp_loss":0.0,"gold_gain":0.0,"event_name":"Bonfire Elementals","player_choice":"Offered Basic","floor":5.0,"gold_loss":0.0,"damage_taken":0.0},{"cards_removed":["Strike_R"],"damage_healed":0.0,"max_hp_gain":0.0,"max_hp_loss":0.0,"gold_gain":0.0,"event_name":"Living Wall","player_choice":"Forget","floor":12.0,"gold_loss":0.0,"damage_taken":0.0},{"cards_removed":["Strike_R"],"damage_healed":0.0,"max_hp_gain":0.0,"max_hp_loss":0.0,"gold_gain":0.0,"event_name":"Beggar","player_choice":"Gave Gold","floor":19.0,"gold_loss":75.0,"damage_taken":0.0},{"damage_healed":0.0,"max_hp_gain":0.0,"max_hp_loss":38.0,"gold_gain":0.0,"event_name":"Ghosts","player_choice":"Became a Ghost","floor":20.0,"gold_loss":0.0,"damage_taken":0.0,"cards_obtained":["Ghostly","Ghostly","Ghostly"]},{"damage_healed":0.0,"max_hp_gain":0.0,"max_hp_loss":0.0,"gold_gain":0.0,"event_name":"Wheel of Change","player_choice":"Damaged","floor":21.0,"gold_loss":0.0,"damage_taken":5.0},{"damage_healed":0.0,"max_hp_gain":0.0,"max_hp_loss":0.0,"gold_gain":0.0,"event_name":"The Mausoleum","player_choice":"Ignored","floor":27.0,"gold_loss":0.0,"damage_taken":0.0},{"damage_healed":0.0,"max_hp_gain":0.0,"max_hp_loss":0.0,"gold_gain":0.0,"event_name":"Tomb of Lord Red Mask","player_choice":"Ignored","floor":37.0,"gold_loss":0.0,"damage_taken":0.0},{"damage_healed":0.0,"max_hp_gain":0.0,"max_hp_loss":0.0,"gold_gain":0.0,"event_name":"SecretPortal","player_choice":"Ignored","floor":41.0,"gold_loss":0.0,"damage_taken":0.0}],"is_beta":false,"boss_relics":[{"not_picked":["Astrolabe","Mark of Pain"],"picked":"Philosopher\u0027s Stone"},{"not_picked":["Black Star","Pandora\u0027s Box"],"picked":"SlaversCollar"}],"items_purged_floors":[38],"is_endless":false,"potions_floor_spawned":[4,6,10,11,16,22,30,31,33,36],"killed_by":"Donu and Deca","ascension_level":20}