{"gold_per_floor":[211,225,244,33,43,68,68,96,121,134,145,174,185,185,185,261,261,279,279,24,40,55,55,80,80,133,167,184,201,230,246,246,319,319,330,330,342,201,214,247,260,260,315,326,353,353,387,402,402,402],"floor_reached":50,"playtime":4081,"items_purged":["Strike_R","Defend_R"],"score":1365,"play_id":"8a47cbef-8193-4b64-868e-c69e4bdbe158","local_time":"20220831050801","is_ascension_mode":true,"campfire_choices":[{"data":"1","floor":7.0,"key":"LIFT"},{"data":"2","floor":15.0,"key":"LIFT"},{"data":"3","floor":23.0,"key":"LIFT"},{"data":"Shockwave","floor":25.0,"key":"SMITH"},{"floor":32.0,"key":"REST"},{"floor":46.0,"key":"REST"},{"floor":49.0,"key":"RECALL"}],"neow_cost":"NONE","seed_source_timestamp":44218452501829,"circlet_count":0,"master_deck":["AscendersBane","Strike_R+1","Strike_R","Defend_R","Defend_R","Bash","Headbutt","Shrug It Off","Hemokinesis+1","Flame Barrier","Battle Trance","Heavy Blade","Cleave","Pommel Strike","Spot Weakness","Immolate","Spot Weakness+1","Immolate+1","Offering+1","Offering+1","Shockwave+1","Flame Barrier","Shockwave","Demon Form+1","Shrug It Off","Sword Boomerang+1","Evolve+1","Parasite","Shrug It Off","Flame Barrier"],"special_seed":0,"relics":["Burning Blood","Centennial Puzzle","Girya","Whetstone","Happy Flower","Smiling Mask","Astrolabe","Membership Card","Orichalcum","PreservedInsect","Tiny Chest","Dream Catcher","Fusion Hammer","Anchor","Blood Vial","Bag of Preparation","InkBottle"],"potions_floor_usage":[],"damage_taken":[{"damage":12.0,"enemies":"Cultist","floor":1.0,"turns":4.0},{"damage":14.0,"enemies":"Jaw Worm","floor":2.0,"turns":4.0},{"damage":0.0,"enemies":"2 Louse","floor":3.0,"turns":4.0},{"damage":20.0,"enemies":"Exordium Thugs","floor":5.0,"turns":6.0},{"damage":22.0,"enemies":"3 Sentries","floor":6.0,"turns":10.0},{"damage":5.0,"enemies":"Lagavulin","floor":8.0,"turns":5.0},{"damage":12.0,"enemies":"Gremlin Gang","floor":10.0,"turns":6.0},{"damage":0.0,"enemies":"Looter","floor":11.0,"turns":3.0},{"damage":7.0,"enemies":"3 Sentries","floor":12.0,"turns":8.0},{"damage":11.0,"enemies":"Exordium Thugs","floor":13.0,"turns":4.0},{"damage":8.0,"enemies":"Slime Boss","floor":16.0,"turns":7.0},{"damage":0.0,"enemies":"2 Thieves","floor":18.0,"turns":1.0},{"damage":12.0,"enemies":"Spheric Guardian","floor":21.0,"turns":2.0},{"damage":12.0,"enemies":"Snake Plant","floor":22.0,"turns":3.0},{"damage":21.0,"enemies":"Slavers","floor":24.0,"turns":3.0},{"damage":20.0,"enemies":"Book of Stabbing","floor":27.0,"turns":2.0},{"damage":4.0,"enemies":"Snecko","floor":28.0,"turns":3.0},{"damage":12.0,"enemies":"Cultist and Chosen","floor":29.0,"turns":4.0},{"damage":12.0,"enemies":"Slavers","floor":30.0,"turns":4.0},{"damage":5.0,"enemies":"Sentry and Sphere","floor":31.0,"turns":3.0},{"damage":42.0,"enemies":"Collector","floor":33.0,"turns":6.0},{"damage":3.0,"enemies":"Orb Walker","floor":35.0,"turns":4.0},{"damage":0.0,"enemies":"3 Shapes","floor":36.0,"turns":1.0},{"damage":5.0,"enemies":"3 Darklings","floor":37.0,"turns":2.0},{"damage":20.0,"enemies":"Transient","floor":39.0,"turns":6.0},{"damage":41.0,"enemies":"Giant Head","floor":40.0,"turns":6.0},{"damage":18.0,"enemies":"Maw","floor":41.0,"turns":6.0},{"damage":15.0,"enemies":"Writhing Mass","floor":44.0,"turns":5.0},{"damage":8.0,"enemies":"Reptomancer","floor":45.0,"turns":3.0},{"damage":10.0,"enemies":"Giant Head","floor":47.0,"turns":4.0},{"damage":0.0,"enemies":"Jaw Worm Horde","floor":48.0,"turns":2.0},{"damage":46,"enemies":"Awakened One","floor":50,"turns":5}],"seed_played":"3710998470995386343","potions_obtained":[{"floor":1.0,"key":"Regen Potion"},{"floor":2.0,"key":"AttackPotion"},{"floor":6.0,"key":"ColorlessPotion"},{"floor":11.0,"key":"Strength Potion"},{"floor":12.0,"key":"DuplicationPotion"},{"floor":18.0,"key":"SpeedPotion"},{"floor":27.0,"key":"FearPotion"},{"floor":33.0,"key":"SmokeBomb"},{"floor":35.0,"key":"PowerPotion"},{"floor":39.0,"key":"PowerPotion"},{"floor":44.0,"key":"LiquidBronze"}],"is_trial":false,"path_per_floor":["M","M","M","$","M","E","R","E","T","M","M","E","M","?","R","B",null,"M","?","$","M","M","R","E","R","T","E","M","M","E","M","R","B",null,"M","M","M","$","M","E","M","?","T","M","E","R","E","M","R","B"],"character_chosen":"IRONCLAD","items_purchased":["Centennial Puzzle","Flame Barrier","Membership Card","Shockwave","Anchor","Shrug It Off"],"campfire_rested":2,"item_purchase_floors":[4,4,20,20,38,38],"current_hp_per_floor":[62,54,60,60,46,45,45,46,46,40,46,45,40,45,45,43,71,77,77,77,71,65,65,50,50,50,36,38,32,26,27,51,15,64,67,73,74,74,60,25,15,15,15,8,8,32,30,38,38,0],"gold":402,"neow_bonus":"HUNDRED_GOLD","is_prod":false,"is_daily":false,"chose_seed":false,"campfire_upgraded":1,"win_rate":0,"timestamp":1661947681,"path_taken":["M","M","M","$","?","E","R","E","T","M","M","E","M","?","R","BOSS","M","?","?","M","M","R","E","R","T","E","M","M","E","M","R","BOSS","M","M","?","$","M","E","M","?","T","M","E","R","E","M","R","BOSS"],"build_version":"2022-03-07","purchased_purges":2,"victory":false,"max_hp_per_floor":[75,75,75,75,75,75,75,75,75,75,75,75,75,80,80,80,80,80,80,80,80,80,80,80,80,80,80,80,80,80,80,80,80,80,80,80,80,80,80,80,80,80,80,80,80,80,80,80,80,80],"relic_stats":{"Girya":3,"Happy Flower":[34],"counters":[32,136],"Astrolabe":["Spot Weakness","Immolate","Offering"],"PreservedInsect":434,"Bag of Preparation":[6],"Whetstone":["Strike_R","Hemokinesis"],"Orichalcum":[108],"Smiling Mask":-12,"Burning Blood":186,"Blood Vial":12,"Centennial Puzzle":[69],"Dream Catcher":2,"Tiny Chest":0,"Membership Card":221,"obtain_stats":[{"Girya":6,"Happy Flower":9,"Astrolabe":17,"PreservedInsect":26,"Bag of Preparation":45,"Whetstone":8,"Orichalcum":24,"Smiling Mask":12,"Burning Blood":0,"Blood Vial":40,"Centennial Puzzle":4,"Dream Catcher":30,"Anchor":38,"Tiny Chest":27,"Fusion Hammer":34,"Membership Card":20,"InkBottle":47},{"Girya":5,"Happy Flower":6,"Astrolabe":11,"PreservedInsect":15,"Bag of Preparation":29,"Whetstone":6,"Orichalcum":15,"Smiling Mask":9,"Burning Blood":0,"Blood Vial":26,"Centennial Puzzle":3,"Dream Catcher":19,"Anchor":24,"Tiny Chest":16,"Fusion Hammer":21,"Membership Card":12,"InkBottle":30},{"Girya":28,"Happy Flower":33,"Astrolabe":61,"PreservedInsect":70,"Bag of Preparation":125,"Whetstone":33,"Orichalcum":70,"Smiling Mask":50,"Burning Blood":0,"Blood Vial":111,"Centennial Puzzle":12,"Dream Catcher":83,"Anchor":99,"Tiny Chest":72,"Fusion Hammer":92,"Membership Card":62,"InkBottle":129}],"InkBottle":[2]},"card_choices":[{"not_picked":["Combust","Thunderclap"],"picked":"Headbutt","floor":1.0},{"not_picked":["Dark Embrace","Cleave"],"picked":"Shrug It Off","floor":2.0},{"not_picked":["Anger","Havoc"],"picked":"Hemokinesis","floor":3.0},{"not_picked":["Sword Boomerang","Carnage"],"picked":"Battle Trance","floor":5.0},{"not_picked":["Exhume","Spot Weakness"],"picked":"Heavy Blade","floor":6.0},{"not_picked":["Evolve","Perfected Strike","Clothesline"],"picked":"SKIP","floor":8.0},{"not_picked":["Thunderclap","Armaments"],"picked":"Cleave","floor":10.0},{"not_picked":["Anger","Evolve"],"picked":"Pommel Strike","floor":11.0},{"not_picked":["Wild Strike","Carnage"],"picked":"Spot Weakness","floor":12.0},{"not_picked":["Rage","Reckless Charge","Burning Pact"],"picked":"SKIP","floor":13.0},{"not_picked":["Double Tap","Fiend Fire"],"picked":"Immolate","floor":16.0},{"not_picked":["Burning Pact","Rage+1","Flex"],"picked":"SKIP","floor":18.0},{"not_picked":["True Grit","Warcry","Armaments+1"],"picked":"SKIP","floor":21.0},{"not_picked":["True Grit","Warcry","Armaments+1"],"picked":"SKIP","floor":21.0},{"not_picked":["Wild Strike","Clothesline","Battle Trance"],"picked":"SKIP","floor":22.0},{"not_picked":["Offering","Clash","Reckless Charge"],"picked":"SKIP","floor":24.0},{"not_picked":["Reckless Charge+1","True Grit","Fire Breathing"],"picked":"SKIP","floor":27.0},{"not_picked":["Headbutt","Dual Wield","Perfected Strike"],"picked":"SKIP","floor":28.0},{"not_picked":["Armaments","Heavy Blade"],"picked":"Flame Barrier","floor":29.0},{"not_picked":["Whirlwind","Exhume","Inflame"],"picked":"SKIP","floor":30.0},{"not_picked":["Pommel Strike","Clothesline","Feel No Pain+1"],"picked":"SKIP","floor":31.0},{"not_picked":["True Grit+1","Twin Strike"],"picked":"Shockwave","floor":32.0},{"not_picked":["Offering","Feed"],"picked":"Demon Form","floor":33.0},{"not_picked":["Iron Wave","Pommel Strike","Spot Weakness"],"picked":"SKIP","floor":35.0},{"not_picked":["Body Slam","Fire Breathing","True Grit"],"picked":"SKIP","floor":37.0},{"not_picked":["Shockwave","Perfected Strike+1"],"picked":"Sword Boomerang+1","floor":39.0},{"not_picked":["Body Slam","Clash"],"picked":"Evolve+1","floor":40.0},{"not_picked":["Rampage","Cleave","Clash"],"picked":"SKIP","floor":41.0},{"not_picked":["Wild Strike","Bloodletting","Perfected Strike+1"],"picked":"SKIP","floor":44.0},{"not_picked":["Entrench+1","Wild Strike"],"picked":"Shrug It Off","floor":45.0},{"not_picked":["Whirlwind","Cleave+1"],"picked":"Flame Barrier","floor":47.0},{"not_picked":["Whirlwind+1","Warcry+1","Cleave"],"picked":"SKIP","floor":48.0}],"player_experience":1134673,"relics_obtained":[{"floor":6.0,"key":"Girya"},{"floor":8.0,"key":"Whetstone"},{"floor":9.0,"key":"Happy Flower"},{"floor":12.0,"key":"Smiling Mask"},{"floor":24.0,"key":"Orichalcum"},{"floor":26.0,"key":"PreservedInsect"},{"floor":27.0,"key":"Tiny Chest"},{"floor":30.0,"key":"Dream Catcher"},{"floor":40.0,"key":"Blood Vial"},{"floor":45.0,"key":"Bag of Preparation"},{"floor":47.0,"key":"InkBottle"}],"event_choices":[{"damage_healed":0.0,"max_hp_gain":5.0,"max_hp_loss":0.0,"gold_gain":0.0,"event_name":"Big Fish","player_choice":"Donut","floor":14.0,"gold_loss":0.0,"damage_taken":0.0},{"damage_healed":0.0,"max_hp_gain":0.0,"max_hp_loss":0.0,"gold_gain":0.0,"event_name":"Duplicator","player_choice":"Copied","floor":19.0,"gold_loss":0.0,"damage_taken":0.0,"cards_obtained":["Offering"]},{"damage_healed":0.0,"max_hp_gain":0.0,"max_hp_loss":0.0,"gold_gain":0.0,"event_name":"Accursed Blacksmith","player_choice":"Forge","floor":42.0,"gold_loss":0.0,"damage_taken":0.0,"cards_upgraded":["Demon Form"]}],"is_beta":false,"boss_relics":[{"not_picked":["Empty Cage","SacredBark"],"picked":"Astrolabe"},{"not_picked":["Busted Crown","Runic Pyramid"],"picked":"Fusion Hammer"}],"items_purged_floors":[20,38],"is_endless":false,"potions_floor_spawned":[1,2,6,11,12,16,18,27,33,35,39,40,44],"killed_by":"Awakened One","ascension_level":20}