{"gold_per_floor":[109,109,123,123,136,136,164,180,206,206,239,239,239,253,253,327,327,345,58,77,77,77,77,108,108,178,203,203,229,240,155,155,229,229,247,258,258,6,0,28,28,62,62,62,88,88,113,129,129,129],"floor_reached":50,"playtime":3623,"items_purged":["Strike_R","Strike_R+1"],"score":1394,"play_id":"200ff8d6-5a75-43dd-94d6-72df83faa387","local_time":"20220902001654","is_ascension_mode":true,"campfire_choices":[{"data":"Feed","floor":6.0,"key":"SMITH"},{"floor":10.0,"key":"REST"},{"data":"Barricade","floor":13.0,"key":"SMITH"},{"data":"Entrench","floor":15.0,"key":"SMITH"},{"floor":23.0,"key":"REST"},{"data":"Fiend Fire","floor":25.0,"key":"SMITH"},{"data":"Double Tap","floor":28.0,"key":"SMITH"},{"floor":32.0,"key":"REST"},{"floor":41,"key":"REST"},{"floor":44,"key":"REST"},{"floor":46,"key":"REST"},{"floor":49,"key":"RECALL"}],"neow_cost":"NONE","seed_source_timestamp":0,"circlet_count":0,"master_deck":["AscendersBane","Strike_R+1","Strike_R+1","Defend_R+1","Defend_R+1","Defend_R+1","Defend_R+1","Bash","Feed+1","Cleave","Flame Barrier","Feel No Pain","Pommel Strike","Barricade+1","Entrench+1","Fiend Fire+1","Inflame","Trip","Body Slam+1","Double Tap+1","Uppercut+1","Limit Break","Body Slam+1"],"special_seed":0,"relics":["Burning Blood","White Beast Statue","Ornamental Fan","PreservedInsect","Orichalcum","Nunchaku","Busted Crown","Membership Card","Lantern","Molten Egg 2","StrikeDummy","Self Forming Clay","Mummified Hand","Fusion Hammer","Toolbox","Red Skull","Red Mask","StoneCalendar","Question Card","Bottled Tornado","Mango"],"potions_floor_usage":[42,48,50],"damage_taken":[{"damage":2.0,"enemies":"Cultist","floor":1.0,"turns":4.0},{"damage":0.0,"enemies":"2 Louse","floor":3.0,"turns":3.0},{"damage":7.0,"enemies":"Small Slimes","floor":5.0,"turns":3.0},{"damage":55.0,"enemies":"Lagavulin","floor":7.0,"turns":8.0},{"damage":35.0,"enemies":"Exordium Thugs","floor":8.0,"turns":7.0},{"damage":2.0,"enemies":"Gremlin Nob","floor":11.0,"turns":3.0},{"damage":33.0,"enemies":"Large Slime","floor":14.0,"turns":9.0},{"damage":54.0,"enemies":"The Guardian","floor":16.0,"turns":25.0},{"damage":28.0,"enemies":"3 Byrds","floor":18.0,"turns":7.0},{"damage":40.0,"enemies":"Shell Parasite","floor":20.0,"turns":10.0},{"damage":24.0,"enemies":"Gremlin Leader","floor":24.0,"turns":7.0},{"damage":40.0,"enemies":"Book of Stabbing","floor":27.0,"turns":5.0},{"damage":0.0,"enemies":"Gremlin Leader","floor":29.0,"turns":1.0},{"damage":8.0,"enemies":"Snecko","floor":30.0,"turns":6.0},{"damage":2.0,"enemies":"Champ","floor":33.0,"turns":12.0},{"damage":21.0,"enemies":"3 Darklings","floor":35.0,"turns":7.0},{"damage":1.0,"enemies":"Orb Walker","floor":36.0,"turns":3.0},{"damage":63,"enemies":"Reptomancer","floor":40,"turns":10},{"damage":43,"enemies":"Nemesis","floor":42,"turns":5},{"damage":83,"enemies":"Reptomancer","floor":45,"turns":5},{"damage":0,"enemies":"Giant Head","floor":47,"turns":5},{"damage":17,"enemies":"Spire Growth","floor":48,"turns":3},{"damage":59,"enemies":"Awakened One","floor":50,"turns":6}],"seed_played":"-6180494898612528550","potions_obtained":[{"floor":3.0,"key":"LiquidMemories"},{"floor":5.0,"key":"Strength Potion"},{"floor":7.0,"key":"Fruit Juice"},{"floor":8.0,"key":"FearPotion"},{"floor":11.0,"key":"PowerPotion"},{"floor":14.0,"key":"FairyPotion"},{"floor":16.0,"key":"SteroidPotion"},{"floor":18.0,"key":"PowerPotion"},{"floor":20.0,"key":"BlessingOfTheForge"},{"floor":24.0,"key":"FearPotion"},{"floor":27.0,"key":"AttackPotion"},{"floor":29.0,"key":"SteroidPotion"},{"floor":30.0,"key":"SmokeBomb"},{"floor":33.0,"key":"Fruit Juice"},{"floor":35.0,"key":"Ancient Potion"},{"floor":36.0,"key":"Energy Potion"},{"floor":40,"key":"EssenceOfSteel"},{"floor":42,"key":"ElixirPotion"},{"floor":45,"key":"BlessingOfTheForge"},{"floor":47,"key":"DistilledChaos"},{"floor":48,"key":"Ancient Potion"}],"is_trial":false,"path_per_floor":["M","T","M","?","M","R","E","M","T","R","E","?","R","M","R","B",null,"M","$","M","?","?","R","E","R","T","E","R","E","M","?","R","B",null,"M","M","?","$","?","E","R","E","T","R","E","R","E","M","R","B"],"character_chosen":"IRONCLAD","items_purchased":["Membership Card","Inflame","Trip","Toolbox","Uppercut+1","Red Skull"],"campfire_rested":6,"item_purchase_floors":[19,19,19,38,38,38],"current_hp_per_floor":[75,75,81,81,83,83,43,18,18,47,55,55,55,32,32,19,87,65,65,35,35,35,68,54,54,54,20,20,26,28,28,64,73,113,98,107,107,107,107,50,86,49,49,85,8,44,64,57,57,0],"gold":129,"neow_bonus":"ONE_RANDOM_RARE_CARD","is_prod":false,"is_daily":false,"chose_seed":false,"campfire_upgraded":5,"win_rate":0,"timestamp":1662103014,"path_taken":["M","?","M","?","?","R","E","M","T","R","E","?","R","M","R","BOSS","M","$","?","?","?","R","E","R","T","E","R","E","M","?","R","BOSS","M","M","?","$","?","E","R","E","T","R","E","R","E","M","R","BOSS"],"build_version":"2022-03-07","purchased_purges":2,"victory":false,"max_hp_per_floor":[78,78,81,81,84,84,93,97,97,97,101,101,101,105,105,109,109,109,109,113,113,113,113,117,117,117,117,117,117,121,121,121,126,126,126,130,123,123,123,123,123,123,123,123,123,123,137,141,141,141],"relic_stats":{"counters":[23,154],"Self Forming Clay":[75],"StoneCalendar":[0],"PreservedInsect":461,"Orichalcum":[66],"Bottled Tornado":"Barricade","Question Card":3,"Burning Blood":129,"White Beast Statue":[0.0,0.02499840000000001,0.0,0.27258880000000013,0.0,0.4967808000000003,0.0,0.1935360000000001,0.0,0.012096000000000006,0.0,9.709715200000002],"Nunchaku":[20],"Busted Crown":28,"Ornamental Fan":[152],"Mummified Hand":[30],"Membership Card":370,"obtain_stats":[{"Lantern":24,"Self Forming Clay":29,"StoneCalendar":40,"Mango":47,"PreservedInsect":7,"Orichalcum":9,"Bottled Tornado":45,"Question Card":42,"Burning Blood":0,"White Beast Statue":2,"Nunchaku":11,"Busted Crown":17,"Ornamental Fan":4,"Mummified Hand":31,"Toolbox":38,"Molten Egg 2":26,"Fusion Hammer":34,"Red Mask":39,"Membership Card":19,"StrikeDummy":27,"Red Skull":38},{"Lantern":11,"Self Forming Clay":13,"StoneCalendar":18,"Mango":21,"PreservedInsect":4,"Orichalcum":5,"Bottled Tornado":20,"Question Card":19,"Burning Blood":0,"White Beast Statue":1,"Nunchaku":6,"Busted Crown":8,"Ornamental Fan":2,"Mummified Hand":14,"Toolbox":17,"Molten Egg 2":11,"Fusion Hammer":15,"Red Mask":17,"Membership Card":9,"StrikeDummy":12,"Red Skull":17},{"Lantern":86,"Self Forming Clay":92,"StoneCalendar":130,"Mango":145,"PreservedInsect":18,"Orichalcum":25,"Bottled Tornado":140,"Question Card":135,"Burning Blood":0,"White Beast Statue":4,"Nunchaku":28,"Busted Crown":62,"Ornamental Fan":7,"Mummified Hand":98,"Toolbox":120,"Molten Egg 2":86,"Fusion Hammer":110,"Red Mask":120,"Membership Card":69,"StrikeDummy":91,"Red Skull":120}]},"card_choices":[{"not_picked":["Clash","Warcry","Fire Breathing"],"picked":"SKIP","floor":1.0},{"not_picked":["Wild Strike","Armaments"],"picked":"Cleave","floor":3.0},{"not_picked":["Shrug It Off","Disarm"],"picked":"Flame Barrier","floor":5.0},{"not_picked":["Iron Wave","Metallicize"],"picked":"Feel No Pain","floor":7.0},{"not_picked":["Hemokinesis","Heavy Blade"],"picked":"Pommel Strike","floor":8.0},{"not_picked":["Thunderclap","Rampage"],"picked":"Barricade","floor":11.0},{"not_picked":["Sword Boomerang","Armaments"],"picked":"Entrench","floor":14.0},{"not_picked":["Reaper","Berserk"],"picked":"Fiend Fire","floor":16.0},{"not_picked":["Clash"],"picked":"SKIP","floor":18.0},{"not_picked":[],"picked":"Body Slam+1","floor":20.0},{"not_picked":["Anger"],"picked":"SKIP","floor":24.0},{"not_picked":[],"picked":"Double Tap","floor":27.0},{"not_picked":["Thunderclap+1"],"picked":"SKIP","floor":29.0},{"not_picked":["Cleave+1"],"picked":"SKIP","floor":30.0},{"not_picked":["True Grit"],"picked":"SKIP","floor":35.0},{"not_picked":["Second Wind"],"picked":"SKIP","floor":36.0},{"not_picked":[],"picked":"Limit Break","floor":40},{"not_picked":["Feel No Pain"],"picked":"SKIP","floor":42},{"not_picked":["Iron Wave+1","Bloodletting"],"picked":"SKIP","floor":45},{"not_picked":["Flex","Thunderclap+1"],"picked":"SKIP","floor":47},{"not_picked":["Perfected Strike+1"],"picked":"Body Slam+1","floor":48}],"player_experience":1147532,"relics_obtained":[{"floor":2.0,"key":"White Beast Statue"},{"floor":7.0,"key":"PreservedInsect"},{"floor":9.0,"key":"Orichalcum"},{"floor":11.0,"key":"Nunchaku"},{"floor":24.0,"key":"Lantern"},{"floor":26.0,"key":"Molten Egg 2"},{"floor":27.0,"key":"StrikeDummy"},{"floor":29.0,"key":"Self Forming Clay"},{"floor":40,"key":"StoneCalendar"},{"floor":42,"key":"Question Card"},{"floor":45,"key":"Bottled Tornado"},{"floor":47,"key":"Mango"}],"event_choices":[{"damage_healed":0.0,"max_hp_gain":0.0,"max_hp_loss":0.0,"gold_gain":0.0,"event_name":"WeMeetAgain","player_choice":"Gave Potion","floor":4.0,"gold_loss":0.0,"damage_taken":0.0,"relics_obtained":["Ornamental Fan"]},{"cards_removed":["Strike_R"],"damage_healed":0.0,"max_hp_gain":0.0,"max_hp_loss":0.0,"gold_gain":0.0,"event_name":"Purifier","player_choice":"Purged","floor":12.0,"gold_loss":0.0,"damage_taken":0.0},{"damage_healed":0.0,"max_hp_gain":0.0,"max_hp_loss":0.0,"gold_gain":0.0,"event_name":"Vampires","player_choice":"Ignored","floor":21.0,"gold_loss":0.0,"damage_taken":0.0},{"damage_healed":0.0,"max_hp_gain":0.0,"max_hp_loss":0.0,"gold_gain":0.0,"event_name":"Back to Basics","player_choice":"Simplicity","floor":22.0,"gold_loss":0.0,"damage_taken":0.0,"cards_upgraded":["Strike_R","Strike_R","Strike_R","Defend_R","Defend_R","Defend_R","Defend_R"]},{"damage_healed":0.0,"max_hp_gain":0.0,"max_hp_loss":0.0,"gold_gain":0.0,"event_name":"Addict","player_choice":"Obtained Relic","floor":31.0,"gold_loss":85.0,"damage_taken":0.0,"relics_obtained":["Mummified Hand"]},{"damage_healed":0.0,"max_hp_gain":0.0,"max_hp_loss":7.0,"gold_gain":0.0,"event_name":"Winding Halls","player_choice":"Max HP","floor":37.0,"gold_loss":0.0,"damage_taken":0.0},{"damage_healed":0.0,"max_hp_gain":0.0,"max_hp_loss":0.0,"gold_gain":0.0,"event_name":"Tomb of Lord Red Mask","player_choice":"Paid","floor":39.0,"gold_loss":6.0,"damage_taken":0.0,"relics_obtained":["Red Mask"]}],"is_beta":false,"boss_relics":[{"not_picked":["Ectoplasm","Velvet Choker"],"picked":"Busted Crown"},{"not_picked":["Empty Cage","Pandora\u0027s Box"],"picked":"Fusion Hammer"}],"items_purged_floors":[19,38],"is_endless":false,"potions_floor_spawned":[3,5,7,8,11,14,16,18,20,24,27,29,30,33,35,36,40,42,45,47,48],"killed_by":"Awakened One","ascension_level":20}