{"gold_per_floor":[116,135,135,155,305,348,364,364,364,387,428,451,451],"floor_reached":13,"playtime":606,"items_purged":[],"score":219,"play_id":"b5e0b82f-9073-4da3-a677-38218ff434bd","local_time":"20220902002740","is_ascension_mode":true,"campfire_choices":[],"neow_cost":"NONE","seed_source_timestamp":44103305503674,"circlet_count":0,"master_deck":["AscendersBane","Strike_R","Strike_R","Strike_R","Strike_R","Strike_R+1","Defend_R","Defend_R","Defend_R","Defend_R","Bash","Feed","Pommel Strike+1","Second Wind","Doubt","Whirlwind","Dual Wield","Spot Weakness"],"special_seed":0,"relics":["Burning Blood","Golden Idol","Bag of Preparation","Singing Bowl","Whetstone","Girya"],"potions_floor_usage":[10],"damage_taken":[{"damage":9.0,"enemies":"Jaw Worm","floor":1.0,"turns":4.0},{"damage":10.0,"enemies":"Small Slimes","floor":2.0,"turns":4.0},{"damage":1.0,"enemies":"2 Louse","floor":4.0,"turns":3.0},{"damage":32.0,"enemies":"Gremlin Nob","floor":6.0,"turns":4.0},{"damage":18,"enemies":"Exordium Wildlife","floor":7,"turns":5},{"damage":13,"enemies":"3 Louse","floor":10,"turns":5},{"damage":35,"enemies":"3 Sentries","floor":11,"turns":8},{"damage":7,"enemies":"Looter","floor":12,"turns":5},{"damage":1,"enemies":"Gremlin Nob","floor":13,"turns":3}],"seed_played":"-2940927007491101261","potions_obtained":[{"floor":4.0,"key":"Strength Potion"},{"floor":7,"key":"SteroidPotion"},{"floor":11,"key":"FearPotion"}],"is_trial":false,"path_per_floor":["M","M","?","M","?","E","M","?","T","M","E","M","E"],"character_chosen":"IRONCLAD","items_purchased":[],"campfire_rested":0,"item_purchase_floors":[],"current_hp_per_floor":[68,67,67,75,75,52,43,38,38,36,12,14,13],"gold":451,"neow_bonus":"ONE_RANDOM_RARE_CARD","is_prod":false,"is_daily":false,"chose_seed":false,"campfire_upgraded":0,"win_rate":0,"timestamp":1662103660,"path_taken":["M","M","?","M","?","E","M","?","T","?","E","M","E"],"build_version":"2022-03-07","purchased_purges":0,"victory":false,"max_hp_per_floor":[78,81,73,76,76,79,82,82,82,87,92,95,95],"relic_stats":{"Girya":0,"Singing Bowl":4,"counters":[9,41],"Golden Idol":34,"Bag of Preparation":[10],"Whetstone":["Pommel Strike","Strike_R"],"obtain_stats":[{"Girya":11,"Singing Bowl":8,"Golden Idol":3,"Bag of Preparation":6,"Whetstone":9,"Burning Blood":0},{"Girya":7,"Singing Bowl":5,"Golden Idol":2,"Bag of Preparation":4,"Whetstone":5,"Burning Blood":0},{"Girya":33,"Singing Bowl":20,"Golden Idol":8,"Bag of Preparation":15,"Whetstone":20,"Burning Blood":0}],"Burning Blood":48},"card_choices":[{"not_picked":["Anger","Wild Strike"],"picked":"Pommel Strike","floor":1.0},{"not_picked":["Thunderclap","Anger"],"picked":"Second Wind","floor":2.0},{"not_picked":["Heavy Blade","Havoc","Anger"],"picked":"SKIP","floor":4.0},{"not_picked":["Bludgeon","Iron Wave"],"picked":"Whirlwind","floor":6.0},{"not_picked":["Whirlwind","Wild Strike"],"picked":"Dual Wield","floor":7},{"not_picked":["Thunderclap","Headbutt","Wild Strike"],"picked":"Singing Bowl","floor":10},{"not_picked":["Brutality","Hemokinesis","Reckless Charge"],"picked":"Singing Bowl","floor":11},{"not_picked":["Sentinel","Shrug It Off"],"picked":"Spot Weakness","floor":12}],"player_experience":1151155,"relics_obtained":[{"floor":6.0,"key":"Bag of Preparation"},{"floor":9,"key":"Whetstone"},{"floor":11,"key":"Girya"}],"event_choices":[{"damage_healed":0.0,"max_hp_gain":0.0,"max_hp_loss":8.0,"gold_gain":0.0,"event_name":"Golden Idol","player_choice":"Lose Max HP","floor":3.0,"gold_loss":0.0,"damage_taken":0.0,"relics_obtained":["Golden Idol"]},{"damage_healed":0.0,"max_hp_gain":0.0,"max_hp_loss":0.0,"gold_gain":150.0,"event_name":"Liars Game","player_choice":"AGREE","floor":5.0,"gold_loss":0.0,"damage_taken":0.0,"cards_obtained":["Doubt"]},{"damage_healed":0,"gold_gain":0,"player_choice":"Success","damage_taken":5,"relics_obtained":["Singing Bowl"],"max_hp_gain":0,"max_hp_loss":0,"event_name":"Scrap Ooze","floor":8,"gold_loss":0}],"is_beta":false,"boss_relics":[],"items_purged_floors":[],"is_endless":false,"potions_floor_spawned":[4,7,11],"killed_by":"Gremlin Nob","ascension_level":20}