{"gold_per_floor":[115,126,144,144,144,187,14,49,49,85,105,118,162,162,162,255,255,274,274,274,289,29,64,83,83,160,200,200,200],"floor_reached":29,"playtime":1423,"items_purged":["Strike_R"],"score":582,"play_id":"52147963-f58f-4f0f-bfea-24dc2ea7f9af","local_time":"20220903015120","is_ascension_mode":true,"campfire_choices":[{"data":"Feed","floor":15.0,"key":"SMITH"},{"data":"Shockwave","floor":25.0,"key":"SMITH"}],"neow_cost":"NONE","seed_source_timestamp":0,"circlet_count":0,"master_deck":["AscendersBane","Strike_R","Strike_R","Strike_R","Defend_R","Defend_R","Defend_R","Defend_R","Bash","Metallicize","Pommel Strike","Cleave","Shockwave+1","Disarm","Feed+1","Dropkick","Inflame","Corruption","Shrug It Off+1","Second Wind","Feel No Pain","Berserk","Warcry+1","Ghostly+1","Ghostly+1","Ghostly+1"],"special_seed":0,"relics":["Burning Blood","Regal Pillow","StrikeDummy","Golden Idol","CaptainsWheel","Smiling Mask","Lantern","Letter Opener","Mark of Pain","MutagenicStrength","Lee\u0027s Waffle","Pen Nib","Toxic Egg 2","Eternal Feather"],"potions_floor_usage":[],"damage_taken":[{"damage":6.0,"enemies":"Cultist","floor":1.0,"turns":3.0},{"damage":0.0,"enemies":"Jaw Worm","floor":2.0,"turns":6.0},{"damage":4.0,"enemies":"2 Louse","floor":3.0,"turns":3.0},{"damage":24.0,"enemies":"Lagavulin","floor":6.0,"turns":7.0},{"damage":21.0,"enemies":"3 Sentries","floor":8.0,"turns":8.0},{"damage":15.0,"enemies":"Lagavulin","floor":10.0,"turns":7.0},{"damage":6.0,"enemies":"Large Slime","floor":11.0,"turns":4.0},{"damage":0.0,"enemies":"2 Fungi Beasts","floor":12.0,"turns":2.0},{"damage":6.0,"enemies":"Gremlin Nob","floor":13.0,"turns":4.0},{"damage":17.0,"enemies":"Slime Boss","floor":16.0,"turns":10.0},{"damage":36.0,"enemies":"Spheric Guardian","floor":18.0,"turns":7.0},{"damage":22.0,"enemies":"2 Thieves","floor":21.0,"turns":4.0},{"damage":24.0,"enemies":"Gremlin Leader","floor":23.0,"turns":8.0},{"damage":17.0,"enemies":"Shelled Parasite and Fungi","floor":24.0,"turns":6.0},{"damage":57.0,"enemies":"Slavers","floor":27.0,"turns":8.0},{"damage":21,"enemies":"Gremlin Leader","floor":29,"turns":4}],"seed_played":"-4687569621355788213","potions_obtained":[{"floor":1.0,"key":"SmokeBomb"},{"floor":8.0,"key":"Regen Potion"},{"floor":12.0,"key":"SmokeBomb"},{"floor":16.0,"key":"CultistPotion"},{"floor":18.0,"key":"Ancient Potion"},{"floor":23.0,"key":"DistilledChaos"}],"is_trial":false,"path_per_floor":["M","M","M","?","?","E","$","E","T","E","M","M","E","?","R","B",null,"M","?","?","M","$","E","M","R","T","E","?","E"],"character_chosen":"IRONCLAD","items_purchased":["Shockwave","BloodPotion","Feel No Pain","Lee\u0027s Waffle"],"campfire_rested":0,"item_purchase_floors":[7,7,22,22],"current_hp_per_floor":[68,74,75,57,57,39,39,24,24,30,33,39,39,39,39,32,64,49,49,49,37,86,68,57,57,57,10,10,0],"gold":200,"neow_bonus":"RANDOM_COMMON_RELIC","is_prod":false,"is_daily":false,"chose_seed":false,"campfire_upgraded":2,"win_rate":0,"timestamp":1662195080,"path_taken":["M","?","M","?","?","E","$","E","T","E","M","M","E","?","R","BOSS","M","?","?","?","$","E","M","R","T","E","?","E"],"build_version":"2022-03-07","purchased_purges":1,"victory":false,"max_hp_per_floor":[75,75,75,75,68,68,68,68,68,68,71,71,71,71,71,75,75,75,75,75,79,86,86,86,86,86,90,45,45],"relic_stats":{"Regal Pillow":0,"Lee\u0027s Waffle":49,"counters":[16,91],"Golden Idol":84,"Eternal Feather":0,"Pen Nib":[2],"Letter Opener":[30],"Smiling Mask":0,"obtain_stats":[{"Regal Pillow":0,"Lantern":10,"Lee\u0027s Waffle":22,"Golden Idol":5,"Eternal Feather":27,"Pen Nib":23,"Letter Opener":13,"Smiling Mask":8,"Burning Blood":0,"CaptainsWheel":6,"MutagenicStrength":19,"Mark of Pain":17,"Toxic Egg 2":26,"StrikeDummy":4},{"Regal Pillow":0,"Lantern":6,"Lee\u0027s Waffle":12,"Golden Idol":3,"Eternal Feather":15,"Pen Nib":13,"Letter Opener":9,"Smiling Mask":5,"Burning Blood":0,"CaptainsWheel":4,"MutagenicStrength":11,"Mark of Pain":10,"Toxic Egg 2":14,"StrikeDummy":3},{"Regal Pillow":0,"Lantern":34,"Lee\u0027s Waffle":65,"Golden Idol":12,"Eternal Feather":87,"Pen Nib":73,"Letter Opener":44,"Smiling Mask":27,"Burning Blood":0,"CaptainsWheel":19,"MutagenicStrength":61,"Mark of Pain":54,"Toxic Egg 2":79,"StrikeDummy":12}],"Burning Blood":89},"card_choices":[{"not_picked":["Body Slam","Heavy Blade"],"picked":"Metallicize","floor":1.0},{"not_picked":["Havoc","Second Wind"],"picked":"Pommel Strike","floor":2.0},{"not_picked":["Warcry","Havoc","Second Wind"],"picked":"SKIP","floor":3.0},{"not_picked":["Iron Wave","Headbutt"],"picked":"Cleave","floor":6.0},{"not_picked":["Spot Weakness","Shockwave"],"picked":"Disarm","floor":8.0},{"not_picked":["Heavy Blade","Dual Wield"],"picked":"Feed","floor":10.0},{"not_picked":["Pommel Strike","Wild Strike"],"picked":"Dropkick","floor":11.0},{"not_picked":["Wild Strike","Body Slam","Clothesline"],"picked":"SKIP","floor":12.0},{"not_picked":["Anger","True Grit"],"picked":"Inflame","floor":13.0},{"not_picked":["Immolate","Juggernaut"],"picked":"Corruption","floor":16.0},{"not_picked":["Iron Wave","Headbutt"],"picked":"Shrug It Off+1","floor":18.0},{"not_picked":["Pummel","Pommel Strike"],"picked":"Second Wind","floor":21.0},{"not_picked":["Blood for Blood","Twin Strike"],"picked":"Berserk","floor":23.0},{"not_picked":["Uppercut","Body Slam"],"picked":"Warcry+1","floor":24.0},{"not_picked":["Havoc+1","Feel No Pain","Metallicize"],"picked":"SKIP","floor":27.0}],"player_experience":1152695,"relics_obtained":[{"floor":6.0,"key":"CaptainsWheel"},{"floor":8.0,"key":"Smiling Mask"},{"floor":10.0,"key":"Lantern"},{"floor":13.0,"key":"Letter Opener"},{"floor":23.0,"key":"Pen Nib"},{"floor":26.0,"key":"Toxic Egg 2"},{"floor":27.0,"key":"Eternal Feather"}],"event_choices":[{"damage_healed":0.0,"max_hp_gain":0.0,"max_hp_loss":0.0,"gold_gain":0.0,"event_name":"Scrap Ooze","player_choice":"Success","floor":4.0,"gold_loss":0.0,"damage_taken":18.0,"relics_obtained":["StrikeDummy"]},{"damage_healed":0.0,"max_hp_gain":0.0,"max_hp_loss":7.0,"gold_gain":0.0,"event_name":"Golden Idol","player_choice":"Lose Max HP","floor":5.0,"gold_loss":0.0,"damage_taken":0.0,"relics_obtained":["Golden Idol"]},{"damage_healed":0.0,"max_hp_gain":0.0,"max_hp_loss":0.0,"gold_gain":0.0,"event_name":"Liars Game","player_choice":"Ignored","floor":14.0,"gold_loss":0.0,"damage_taken":0.0},{"damage_healed":0.0,"max_hp_gain":0.0,"max_hp_loss":0.0,"gold_gain":0.0,"event_name":"Drug Dealer","player_choice":"Inject Mutagens","floor":19.0,"gold_loss":0.0,"damage_taken":0.0,"relics_obtained":["MutagenicStrength"]},{"cards_removed":["Strike_R"],"damage_healed":0.0,"max_hp_gain":0.0,"max_hp_loss":0.0,"gold_gain":0.0,"event_name":"Purifier","player_choice":"Purged","floor":20.0,"gold_loss":0.0,"damage_taken":0.0},{"damage_healed":0.0,"max_hp_gain":0.0,"max_hp_loss":45.0,"gold_gain":0.0,"event_name":"Ghosts","player_choice":"Became a Ghost","floor":28.0,"gold_loss":0.0,"damage_taken":0.0,"cards_obtained":["Ghostly","Ghostly","Ghostly"]}],"is_beta":false,"boss_relics":[{"not_picked":["Velvet Choker","Runic Dome"],"picked":"Mark of Pain"}],"items_purged_floors":[7],"is_endless":false,"potions_floor_spawned":[1,8,12,16,18,23],"killed_by":"Gremlin Leader","ascension_level":20}