{"gold_per_floor":[111,131,150,225,237,237,264,264,264,264,264,294,27,37,37,114,114,128,138,157,5,5,32,32,32,32,66,22,55,5,18,18,95,95,108,108,158,173,185,185,185,219,219,229,229,261,43,70,70,70,70,70,70,20,47,47],"floor_reached":57,"playtime":3999,"items_purged":["Strike_R","Shame","Pain","Strike_R+1"],"score":3312,"play_id":"f6a8d89c-3b51-46f6-a708-f7870ef8ebcc","local_time":"20220903181536","is_ascension_mode":true,"campfire_choices":[{"data":"Hemokinesis","floor":6.0,"key":"SMITH"},{"data":"Pummel","floor":8.0,"key":"SMITH"},{"data":"Offering","floor":11.0,"key":"SMITH"},{"data":"True Grit","floor":15.0,"key":"SMITH"},{"floor":24.0,"key":"REST"},{"data":"Feel No Pain","floor":32.0,"key":"SMITH"},{"floor":40,"key":"REST"},{"data":"Inflame","floor":45,"key":"SMITH"},{"floor":49,"key":"RECALL"},{"data":"Impervious","floor":53,"key":"SMITH"}],"neow_cost":"TEN_PERCENT_HP_LOSS","seed_source_timestamp":82994755872157,"circlet_count":0,"master_deck":["AscendersBane","Strike_R+1","Strike_R+1","Defend_R+1","Defend_R+1","Defend_R+1","Defend_R+1","Bash","Twin Strike","Warcry","Hemokinesis+1","Pummel+1","Offering+1","True Grit+1","Whirlwind","Corruption","Intimidate+1","Inflame+1","Feel No Pain+1","Sentinel","Shrug It Off","Shrug It Off","Barricade","Thinking Ahead","Panache","Shrug It Off","Ghostly Armor","Body Slam+1","Impervious+1","Disarm+1","Reaper+1"],"special_seed":0,"relics":["Burning Blood","Charon\u0027s Ashes","Self Forming Clay","Singing Bowl","White Beast Statue","Cursed Key","Matryoshka","Smiling Mask","Pantograph","Red Skull","Molten Egg 2","SacredBark","Dead Branch","Art of War","Happy Flower","Pear","Kunai","StrikeDummy","Bronze Scales"],"potions_floor_usage":[37,39,42,55,56],"damage_taken":[{"damage":10.0,"enemies":"2 Louse","floor":1.0,"turns":4.0},{"damage":10.0,"enemies":"Small Slimes","floor":2.0,"turns":4.0},{"damage":1.0,"enemies":"Cultist","floor":3.0,"turns":3.0},{"damage":17.0,"enemies":"Large Slime","floor":5.0,"turns":4.0},{"damage":10.0,"enemies":"Gremlin Nob","floor":7.0,"turns":3.0},{"damage":19.0,"enemies":"Lagavulin","floor":12.0,"turns":6.0},{"damage":8.0,"enemies":"Blue Slaver","floor":14.0,"turns":1.0},{"damage":12.0,"enemies":"Slime Boss","floor":16.0,"turns":4.0},{"damage":12.0,"enemies":"2 Thieves","floor":18.0,"turns":4.0},{"damage":18.0,"enemies":"Spheric Guardian","floor":19.0,"turns":4.0},{"damage":25.0,"enemies":"Snake Plant","floor":20.0,"turns":3.0},{"damage":19.0,"enemies":"Slavers","floor":23.0,"turns":4.0},{"damage":17.0,"enemies":"Gremlin Leader","floor":27.0,"turns":6.0},{"damage":11.0,"enemies":"Book of Stabbing","floor":29.0,"turns":3.0},{"damage":6.0,"enemies":"Centurion and Healer","floor":31.0,"turns":4.0},{"damage":28.0,"enemies":"Automaton","floor":33.0,"turns":10.0},{"damage":18.0,"enemies":"3 Darklings","floor":35.0,"turns":6.0},{"damage":37,"enemies":"2 Orb Walkers","floor":37,"turns":6},{"damage":0,"enemies":"3 Shapes","floor":38,"turns":3},{"damage":6,"enemies":"Spire Growth","floor":39,"turns":2},{"damage":0,"enemies":"Reptomancer","floor":42,"turns":2},{"damage":5,"enemies":"4 Shapes","floor":44,"turns":4},{"damage":2,"enemies":"Nemesis","floor":46,"turns":7},{"damage":4,"enemies":"Reptomancer","floor":48,"turns":4},{"damage":12,"enemies":"Awakened One","floor":50,"turns":5},{"damage":8,"enemies":"Time Eater","floor":51,"turns":13},{"damage":19,"enemies":"Shield and Spear","floor":55,"turns":3},{"damage":48,"enemies":"The Heart","floor":56,"turns":9}],"seed_played":"2138294363822964649","potions_obtained":[{"floor":2.0,"key":"SkillPotion"},{"floor":7.0,"key":"LiquidMemories"},{"floor":14.0,"key":"Block Potion"},{"floor":16.0,"key":"Dexterity Potion"},{"floor":18.0,"key":"Ancient Potion"},{"floor":19.0,"key":"BlessingOfTheForge"},{"floor":20.0,"key":"Swift Potion"},{"floor":23.0,"key":"BloodPotion"},{"floor":27.0,"key":"PowerPotion"},{"floor":29.0,"key":"EssenceOfSteel"},{"floor":31.0,"key":"Energy Potion"},{"floor":33.0,"key":"Fire Potion"},{"floor":35.0,"key":"AttackPotion"},{"floor":37,"key":"DistilledChaos"},{"floor":39,"key":"AttackPotion"},{"floor":42,"key":"DistilledChaos"},{"floor":44,"key":"Dexterity Potion"},{"floor":55,"key":"SteroidPotion"}],"is_trial":false,"path_per_floor":["M","M","M","?","M","R","E","R","T","?","R","E","$","M","R","B",null,"M","M","M","$","?","E","R","?","T","E","$","E","$","M","R","B",null,"M","?","?","M","M","R","?","E","T","M","R","E","$","E","R","B","B",null,"R","$","E","B",null],"character_chosen":"IRONCLAD","items_purchased":["White Beast Statue","Feel No Pain","Sentinel","Impervious"],"campfire_rested":2,"item_purchase_floors":[13,21,28,47],"current_hp_per_floor":[64,60,65,54,43,43,39,39,39,39,39,26,26,24,24,18,56,52,40,21,21,21,10,31,31,31,22,22,31,31,31,31,34,64,54,46,15,23,25,49,49,57,67,68,68,72,72,74,74,84,88,90,90,90,77,54],"gold":47,"neow_bonus":"ONE_RARE_RELIC","is_prod":false,"is_daily":false,"chose_seed":false,"campfire_upgraded":7,"win_rate":0,"timestamp":1662254136,"path_taken":["M","M","M","?","M","R","E","R","T","?","R","E","$","M","R","BOSS","M","M","M","$","?","E","R","?","T","E","$","E","$","M","R","BOSS","M","?","?","M","M","R","?","E","T","M","R","E","?","E","R","BOSS","BOSS","R","$","E","BOSS"],"build_version":"2022-03-07","purchased_purges":4,"victory":true,"max_hp_per_floor":[68,68,68,68,68,68,68,68,68,68,68,68,68,68,68,68,68,70,70,70,70,70,72,72,72,72,74,74,74,74,74,74,74,74,76,78,78,80,82,82,78,80,90,90,90,90,90,90,90,90,90,90,90,90,90,90],"relic_stats":{"Singing Bowl":16,"Happy Flower":[15],"counters":[28,131],"Self Forming Clay":[210],"Dead Branch":[196],"Charon\u0027s Ashes":[1162],"Cursed Key":2,"Smiling Mask":225,"Burning Blood":168,"White Beast Statue":[0.0,0.0,0.0,0.4,0.0,0.6000000000000001,0.0,0.0,0.0,0.0,0.0,8.747772160000002],"Matryoshka":2,"Pantograph":60,"Bronze Scales":[99],"Art of War":[10],"Kunai":[8],"obtain_stats":[{"Pear":43,"Singing Bowl":12,"Happy Flower":43,"Self Forming Clay":7,"SacredBark":34,"Dead Branch":37,"Charon\u0027s Ashes":0,"Cursed Key":17,"Smiling Mask":26,"Burning Blood":0,"White Beast Statue":13,"Matryoshka":23,"Pantograph":26,"Bronze Scales":55,"Molten Egg 2":29,"Art of War":42,"Kunai":46,"StrikeDummy":48,"Red Skull":27},{"Pear":21,"Singing Bowl":6,"Happy Flower":21,"Self Forming Clay":5,"SacredBark":16,"Dead Branch":18,"Charon\u0027s Ashes":0,"Cursed Key":8,"Smiling Mask":12,"Burning Blood":0,"White Beast Statue":6,"Matryoshka":12,"Pantograph":12,"Bronze Scales":27,"Molten Egg 2":14,"Art of War":21,"Kunai":23,"StrikeDummy":24,"Red Skull":13},{"Pear":86,"Singing Bowl":24,"Happy Flower":86,"Self Forming Clay":18,"SacredBark":67,"Dead Branch":79,"Charon\u0027s Ashes":0,"Cursed Key":29,"Smiling Mask":44,"Burning Blood":0,"White Beast Statue":24,"Matryoshka":44,"Pantograph":44,"Bronze Scales":122,"Molten Egg 2":53,"Art of War":86,"Kunai":97,"StrikeDummy":101,"Red Skull":50}]},"card_choices":[{"not_picked":["Perfected Strike","Havoc"],"picked":"Twin Strike","floor":1.0},{"not_picked":["Combust","Havoc"],"picked":"Warcry","floor":2.0},{"not_picked":["Thunderclap","Fire Breathing"],"picked":"Hemokinesis","floor":3.0},{"not_picked":["Whirlwind","Thunderclap"],"picked":"Pummel","floor":5.0},{"not_picked":["Havoc","Body Slam","Clash"],"picked":"SKIP","floor":7.0},{"not_picked":["Infernal Blade","Thunderclap"],"picked":"True Grit","floor":12.0},{"not_picked":["Warcry","Sword Boomerang"],"picked":"Whirlwind","floor":14.0},{"not_picked":["Demon Form","Immolate"],"picked":"Corruption","floor":16.0},{"not_picked":["Sword Boomerang+1","Pummel","Flex"],"picked":"Singing Bowl","floor":18.0},{"not_picked":["Wild Strike","Cleave"],"picked":"Intimidate+1","floor":19.0},{"not_picked":["Spot Weakness","Cleave"],"picked":"Inflame","floor":20.0},{"not_picked":["Sever Soul","Headbutt+1","Whirlwind"],"picked":"Singing Bowl","floor":23.0},{"not_picked":["Anger","Clothesline","Iron Wave"],"picked":"Singing Bowl","floor":27.0},{"not_picked":["Burning Pact","Iron Wave+1"],"picked":"Shrug It Off","floor":29.0},{"not_picked":["Wild Strike+1","Havoc"],"picked":"Shrug It Off","floor":31.0},{"not_picked":["Offering","Corruption"],"picked":"Barricade","floor":33.0},{"not_picked":["True Grit","Burning Pact","Perfected Strike+1"],"picked":"Singing Bowl","floor":35.0},{"not_picked":["Enlightenment","Madness","The Bomb"],"picked":"Singing Bowl","floor":36.0},{"not_picked":["Metamorphosis","Enlightenment"],"picked":"Thinking Ahead","floor":36.0},{"not_picked":["Deep Breath","Jack Of All Trades"],"picked":"Panache","floor":36.0},{"not_picked":["Clash+1","Bloodletting"],"picked":"Shrug It Off","floor":37},{"not_picked":["Clothesline+1","Twin Strike+1","True Grit"],"picked":"Singing Bowl","floor":38},{"not_picked":["Dropkick+1","Clash+1","Warcry"],"picked":"Singing Bowl","floor":39},{"not_picked":["Clothesline+1","Dual Wield","Clash+1"],"picked":"Singing Bowl","floor":42},{"not_picked":["Heavy Blade+1","True Grit"],"picked":"Ghostly Armor","floor":44},{"not_picked":["Whirlwind+1","Thunderclap+1"],"picked":"Body Slam+1","floor":46},{"not_picked":["Shrug It Off","Double Tap"],"picked":"Disarm+1","floor":48},{"not_picked":["Cleave+1","Power Through"],"picked":"Reaper+1","floor":55}],"player_experience":1154118,"relics_obtained":[{"floor":7.0,"key":"Self Forming Clay"},{"floor":12.0,"key":"Singing Bowl"},{"floor":23.0,"key":"Matryoshka"},{"floor":26.0,"key":"Smiling Mask"},{"floor":26.0,"key":"Pantograph"},{"floor":27.0,"key":"Red Skull"},{"floor":29.0,"key":"Molten Egg 2"},{"floor":37,"key":"Dead Branch"},{"floor":42,"key":"Art of War"},{"floor":43,"key":"Happy Flower"},{"floor":43,"key":"Pear"},{"floor":46,"key":"Kunai"},{"floor":48,"key":"StrikeDummy"},{"floor":55,"key":"Bronze Scales"}],"event_choices":[{"damage_healed":0.0,"max_hp_gain":0.0,"max_hp_loss":0.0,"gold_gain":75.0,"event_name":"World of Goop","player_choice":"Gather Gold","floor":4.0,"gold_loss":0.0,"damage_taken":11.0},{"damage_healed":0.0,"max_hp_gain":0.0,"max_hp_loss":0.0,"gold_gain":0.0,"cards_transformed":["Strike_R"],"event_name":"Transmorgrifier","player_choice":"Transformed","floor":10.0,"gold_loss":0.0,"damage_taken":0.0,"cards_obtained":["Offering"]},{"damage_healed":0.0,"max_hp_gain":0.0,"max_hp_loss":0.0,"gold_gain":0.0,"event_name":"Cursed Tome","player_choice":"Ignored","floor":22.0,"gold_loss":0.0,"damage_taken":0.0},{"damage_healed":0.0,"max_hp_gain":0.0,"max_hp_loss":0.0,"gold_gain":0.0,"event_name":"Back to Basics","player_choice":"Simplicity","floor":25.0,"gold_loss":0.0,"damage_taken":0.0,"cards_upgraded":["Strike_R","Strike_R","Strike_R","Defend_R","Defend_R","Defend_R","Defend_R"]},{"damage_healed":0.0,"max_hp_gain":0.0,"max_hp_loss":0.0,"gold_gain":0.0,"event_name":"SensoryStone","player_choice":"Memory 3","floor":36.0,"gold_loss":0.0,"damage_taken":10.0},{"damage_healed":0,"gold_gain":0,"player_choice":"Fight","damage_taken":0,"max_hp_gain":0,"max_hp_loss":0,"event_name":"Mysterious Sphere","floor":37,"gold_loss":0},{"damage_healed":0,"gold_gain":0,"player_choice":"Max HP","damage_taken":0,"max_hp_gain":0,"max_hp_loss":4,"event_name":"Winding Halls","floor":41,"gold_loss":0}],"is_beta":false,"boss_relics":[{"not_picked":["Busted Crown","Velvet Choker"],"picked":"Cursed Key"},{"not_picked":["SlaversCollar","Astrolabe"],"picked":"SacredBark"}],"items_purged_floors":[21,30,47,54],"is_endless":false,"potions_floor_spawned":[2,7,14,16,18,19,20,23,27,29,31,33,35,37,38,39,42,44,46,48,55],"ascension_level":20}