{"gold_per_floor":[109,109,23,23,23,56,56,70,70,108,108,171,210,234,234,333,333,352,402,417,437,462,500,500,543,543,556,597,612,636,672,672,766,766,789,802,340,340,353,392,392,4,72,116,116,141,185,205,205,205,205,205,205,23,54,54],"floor_reached":56,"playtime":3913,"items_purged":["Strike_R","Strike_R","Strike_R"],"score":2295,"play_id":"343683a6-a8be-4593-9ef2-1ecee6f425c3","local_time":"20220901051741","is_ascension_mode":true,"campfire_choices":[{"data":"Corruption","floor":7.0,"key":"SMITH"},{"data":"Uppercut","floor":11.0,"key":"SMITH"},{"data":"Whirlwind","floor":15.0,"key":"SMITH"},{"data":"Demon Form","floor":24.0,"key":"SMITH"},{"data":"Double Tap","floor":32.0,"key":"SMITH"},{"data":"Impervious","floor":41.0,"key":"SMITH"},{"data":"Barricade","floor":45.0,"key":"SMITH"},{"floor":49.0,"key":"RECALL"},{"data":"Bloodletting","floor":53.0,"key":"SMITH"}],"neow_cost":"TEN_PERCENT_HP_LOSS","seed_source_timestamp":0,"circlet_count":0,"master_deck":["AscendersBane","Strike_R","Strike_R","Defend_R","Defend_R","Defend_R","Defend_R","Bash","Armaments+1","Whirlwind+1","Corruption+1","Uppercut+1","Immolate","Barricade+1","Bloodletting+1","Demon Form+1","Flame Barrier","Sword Boomerang+1","Shrug It Off","Disarm","Double Tap+1","Impervious+1","Metallicize+1","Entrench","Bloodletting","Dark Embrace+1","Intimidate+1","Seeing Red","Shrug It Off+1","Bloodletting"],"special_seed":0,"relics":["Burning Blood","Incense Burner","Golden Idol","PreservedInsect","Akabeko","Charon\u0027s Ashes","Orichalcum","Darkstone Periapt","Runic Pyramid","Blood Vial","Omamori","Lantern","Strawberry","Frozen Egg 2","Philosopher\u0027s Stone","Mercury Hourglass","Bag of Marbles","Bottled Tornado","Shuriken","Question Card","Red Skull","Pear"],"potions_floor_usage":[56,56],"damage_taken":[{"damage":5.0,"enemies":"2 Louse","floor":1.0,"turns":4.0},{"damage":1.0,"enemies":"Gremlin Nob","floor":6.0,"turns":3.0},{"damage":3.0,"enemies":"Small Slimes","floor":8.0,"turns":4.0},{"damage":0.0,"enemies":"3 Sentries","floor":10.0,"turns":1.0},{"damage":6.0,"enemies":"Gremlin Nob","floor":12.0,"turns":3.0},{"damage":1.0,"enemies":"Gremlin Nob","floor":13.0,"turns":4.0},{"damage":0.0,"enemies":"Cultist","floor":14.0,"turns":3.0},{"damage":23.0,"enemies":"Hexaghost","floor":16.0,"turns":10.0},{"damage":22.0,"enemies":"Shell Parasite","floor":18.0,"turns":5.0},{"damage":0.0,"enemies":"Chosen","floor":20.0,"turns":4.0},{"damage":0.0,"enemies":"Centurion and Healer","floor":21.0,"turns":4.0},{"damage":1.0,"enemies":"Cultist and Chosen","floor":22.0,"turns":7.0},{"damage":26.0,"enemies":"Book of Stabbing","floor":23.0,"turns":5.0},{"damage":3.0,"enemies":"Gremlin Leader","floor":25.0,"turns":6.0},{"damage":6.0,"enemies":"Snake Plant","floor":27.0,"turns":5.0},{"damage":30.0,"enemies":"Book of Stabbing","floor":28.0,"turns":5.0},{"damage":10.0,"enemies":"Snecko","floor":29.0,"turns":4.0},{"damage":0.0,"enemies":"Centurion and Healer","floor":30.0,"turns":3.0},{"damage":8.0,"enemies":"Slavers","floor":31.0,"turns":2.0},{"damage":31.0,"enemies":"Automaton","floor":33.0,"turns":7.0},{"damage":0.0,"enemies":"3 Shapes","floor":35.0,"turns":1.0},{"damage":4.0,"enemies":"Orb Walker","floor":36.0,"turns":3.0},{"damage":19.0,"enemies":"Transient","floor":39.0,"turns":6.0},{"damage":7.0,"enemies":"Reptomancer","floor":40.0,"turns":6.0},{"damage":7.0,"enemies":"Giant Head","floor":44.0,"turns":4.0},{"damage":18.0,"enemies":"Writhing Mass","floor":46.0,"turns":8.0},{"damage":11.0,"enemies":"Reptomancer","floor":47.0,"turns":8.0},{"damage":1.0,"enemies":"Jaw Worm Horde","floor":48.0,"turns":5.0},{"damage":9.0,"enemies":"Time Eater","floor":50.0,"turns":7.0},{"damage":45.0,"enemies":"Donu and Deca","floor":51.0,"turns":4.0},{"damage":48,"enemies":"Shield and Spear","floor":55,"turns":7},{"damage":66,"enemies":"The Heart","floor":56,"turns":3}],"seed_played":"-5262844056295057263","potions_obtained":[{"floor":1.0,"key":"AttackPotion"},{"floor":8.0,"key":"Swift Potion"},{"floor":12.0,"key":"SkillPotion"},{"floor":16.0,"key":"LiquidBronze"},{"floor":21.0,"key":"SteroidPotion"},{"floor":23.0,"key":"Block Potion"},{"floor":29.0,"key":"AttackPotion"},{"floor":36.0,"key":"EssenceOfSteel"},{"floor":38.0,"key":"LiquidMemories"},{"floor":38.0,"key":"Strength Potion"},{"floor":40.0,"key":"SteroidPotion"}],"is_trial":false,"path_per_floor":["M","?","$","?","?","E","R","M","T","E","R","?","E","M","R","B",null,"M","?","M","M","M","E","R","E","T","M","E","M","M","E","R","B",null,"M","M","$","?","M","E","R","$","T","E","R","M","E","M","R","B","B",null,"R","$","E","B"],"character_chosen":"IRONCLAD","items_purchased":["Whirlwind","Bloodletting","Dark Embrace+1","Mercury Hourglass","Bottled Tornado","BloodPotion"],"campfire_rested":0,"item_purchase_floors":[3,37,37,37,42,54],"current_hp_per_floor":[68,68,68,45,27,32,32,35,35,41,41,41,46,52,52,35,60,44,44,50,56,61,41,41,46,46,48,33,31,39,39,39,16,60,68,72,72,72,61,62,62,62,62,63,63,53,50,57,57,56,19,61,61,61,31,0],"gold":54,"neow_bonus":"ONE_RARE_RELIC","is_prod":false,"is_daily":false,"chose_seed":false,"campfire_upgraded":8,"win_rate":0,"timestamp":1662034661,"path_taken":["M","?","$","?","?","E","R","M","T","E","R","?","E","M","R","BOSS","M","?","M","M","M","E","R","E","T","M","E","M","M","E","R","BOSS","M","?","$","?","M","E","R","$","T","E","R","M","E","?","R","BOSS","BOSS","R","$","E","BOSS"],"build_version":"2022-03-07","purchased_purges":3,"victory":false,"max_hp_per_floor":[68,68,68,68,68,68,68,68,68,68,68,68,68,68,68,68,68,68,68,68,68,68,68,68,68,68,68,75,75,75,75,75,75,75,75,75,75,75,75,75,75,75,75,75,75,75,75,75,75,75,75,75,75,75,85,85],"relic_stats":{"Darkstone Periapt":0,"counters":[32,150],"Golden Idol":226,"PreservedInsect":605,"Charon\u0027s Ashes":[622],"Omamori":0,"Orichalcum":[210],"Bottled Tornado":"Demon Form","Question Card":4,"Burning Blood":185,"Mercury Hourglass":[212],"Blood Vial":38,"Shuriken":[6],"obtain_stats":[{"Darkstone Periapt":13,"Lantern":26,"Pear":55,"Golden Idol":4,"PreservedInsect":5,"Charon\u0027s Ashes":10,"Incense Burner":0,"Omamori":25,"Orichalcum":12,"Frozen Egg 2":31,"Bottled Tornado":42,"Question Card":44,"Burning Blood":0,"Akabeko":6,"Mercury Hourglass":37,"Blood Vial":23,"Shuriken":43,"Strawberry":28,"Philosopher\u0027s Stone":34,"Bag of Marbles":40,"Red Skull":47,"Runic Pyramid":17},{"Darkstone Periapt":6,"Lantern":14,"Pear":31,"Golden Idol":1,"PreservedInsect":1,"Charon\u0027s Ashes":4,"Incense Burner":0,"Omamori":14,"Orichalcum":5,"Frozen Egg 2":19,"Bottled Tornado":24,"Question Card":25,"Burning Blood":0,"Akabeko":2,"Mercury Hourglass":22,"Blood Vial":13,"Shuriken":24,"Strawberry":16,"Philosopher\u0027s Stone":20,"Bag of Marbles":24,"Red Skull":27,"Runic Pyramid":8},{"Darkstone Periapt":19,"Lantern":63,"Pear":147,"Golden Idol":4,"PreservedInsect":4,"Charon\u0027s Ashes":12,"Incense Burner":0,"Omamori":63,"Orichalcum":15,"Frozen Egg 2":82,"Bottled Tornado":105,"Question Card":109,"Burning Blood":0,"Akabeko":7,"Mercury Hourglass":93,"Blood Vial":57,"Shuriken":105,"Strawberry":73,"Philosopher\u0027s Stone":89,"Bag of Marbles":105,"Red Skull":124,"Runic Pyramid":32}]},"card_choices":[{"not_picked":["True Grit","Clothesline"],"picked":"Armaments","floor":1.0},{"not_picked":["Rage","Iron Wave"],"picked":"Corruption","floor":6.0},{"not_picked":["Wild Strike","Warcry"],"picked":"Uppercut","floor":8.0},{"not_picked":["Heavy Blade","Brutality","Evolve"],"picked":"SKIP","floor":10.0},{"not_picked":["Headbutt","Clash","Power Through"],"picked":"SKIP","floor":13.0},{"not_picked":["Perfected Strike","Wild Strike","Flex"],"picked":"SKIP","floor":14.0},{"not_picked":["Brutality","Corruption"],"picked":"Immolate","floor":16.0},{"not_picked":["Headbutt","Armaments","Intimidate"],"picked":"SKIP","floor":18.0},{"not_picked":["Armaments","Clash","Flex"],"picked":"SKIP","floor":20.0},{"not_picked":["Armaments","Cleave"],"picked":"Barricade","floor":21.0},{"not_picked":["Armaments","Intimidate"],"picked":"Bloodletting","floor":22.0},{"not_picked":["Clash","Cleave"],"picked":"Demon Form","floor":23.0},{"not_picked":["Reckless Charge","True Grit"],"picked":"Flame Barrier","floor":25.0},{"not_picked":["Dual Wield+1","Clash"],"picked":"Sword Boomerang+1","floor":27.0},{"not_picked":["Wild Strike","Clothesline+1","Rupture"],"picked":"SKIP","floor":28.0},{"not_picked":["Havoc","Anger"],"picked":"Shrug It Off","floor":29.0},{"not_picked":["Thunderclap","Armaments+1"],"picked":"Disarm","floor":30.0},{"not_picked":["Pummel","Power Through"],"picked":"Double Tap","floor":31.0},{"not_picked":["Barricade+1","Brutality+1"],"picked":"Impervious","floor":33.0},{"not_picked":["Perfected Strike","Power Through"],"picked":"Metallicize+1","floor":35.0},{"not_picked":["Infernal Blade","Sword Boomerang"],"picked":"Entrench","floor":36.0},{"not_picked":["Carnage","Heavy Blade","Power Through"],"picked":"SKIP","floor":39.0},{"not_picked":["Rampage","Clash"],"picked":"Intimidate+1","floor":40.0},{"not_picked":["Perfected Strike","Blood for Blood"],"picked":"Seeing Red","floor":44.0},{"not_picked":["Body Slam","Headbutt+1","Blood for Blood","Havoc+1"],"picked":"SKIP","floor":46.0},{"not_picked":["Clothesline","Cleave","Headbutt","Hemokinesis"],"picked":"SKIP","floor":47.0},{"not_picked":["Power Through","Warcry","Double Tap"],"picked":"Shrug It Off+1","floor":48.0},{"not_picked":["Twin Strike","Dual Wield","Clash"],"picked":"Bloodletting","floor":55}],"player_experience":1142881,"relics_obtained":[{"floor":6.0,"key":"Akabeko"},{"floor":10.0,"key":"Charon\u0027s Ashes"},{"floor":12.0,"key":"Orichalcum"},{"floor":13.0,"key":"Darkstone Periapt"},{"floor":23.0,"key":"Blood Vial"},{"floor":25.0,"key":"Omamori"},{"floor":26.0,"key":"Lantern"},{"floor":28.0,"key":"Strawberry"},{"floor":31.0,"key":"Frozen Egg 2"},{"floor":40.0,"key":"Bag of Marbles"},{"floor":43.0,"key":"Shuriken"},{"floor":44.0,"key":"Question Card"},{"floor":47.0,"key":"Red Skull"},{"floor":55,"key":"Pear"}],"event_choices":[{"damage_healed":0.0,"max_hp_gain":0.0,"max_hp_loss":0.0,"gold_gain":0.0,"event_name":"Living Wall","player_choice":"Grow","floor":2.0,"gold_loss":0.0,"damage_taken":0.0,"cards_upgraded":["Armaments"]},{"damage_healed":0.0,"max_hp_gain":0.0,"max_hp_loss":0.0,"gold_gain":0.0,"event_name":"Golden Idol","player_choice":"Take Damage","floor":4.0,"gold_loss":0.0,"damage_taken":23.0,"relics_obtained":["Golden Idol"]},{"damage_healed":0.0,"max_hp_gain":0.0,"max_hp_loss":0.0,"gold_gain":0.0,"event_name":"Scrap Ooze","player_choice":"Success","floor":5.0,"gold_loss":0.0,"damage_taken":18.0,"relics_obtained":["PreservedInsect"]},{"damage_healed":0.0,"max_hp_gain":0.0,"max_hp_loss":0.0,"gold_gain":30.0,"event_name":"Dead Adventurer","player_choice":"Searched \u00272\u0027 times","floor":12.0,"gold_loss":0.0,"damage_taken":0.0},{"damage_healed":0.0,"max_hp_gain":0.0,"max_hp_loss":0.0,"gold_gain":100.0,"event_name":"The Joust","player_choice":"Bet on Murderer","floor":19.0,"gold_loss":50.0,"damage_taken":0.0},{"damage_healed":0.0,"max_hp_gain":0.0,"max_hp_loss":0.0,"gold_gain":0.0,"event_name":"Lab","player_choice":"Got Potions","floor":38.0,"gold_loss":0.0,"damage_taken":0.0}],"is_beta":false,"boss_relics":[{"not_picked":["Velvet Choker","Fusion Hammer"],"picked":"Runic Pyramid"},{"not_picked":["Black Star","Astrolabe"],"picked":"Philosopher\u0027s Stone"}],"items_purged_floors":[37,42,54],"is_endless":false,"potions_floor_spawned":[1,8,12,14,16,18,21,23,29,36,40,47],"killed_by":"The Heart","ascension_level":20}