{"gold_per_floor":[118,128,146,71,146,146,146,176,200,200,220,254,254,264,264,264],"floor_reached":16,"playtime":738,"items_purged":[],"score":220,"play_id":"0a78eae7-5d5a-43df-af69-e94b91d3dc77","local_time":"20220901075213","is_ascension_mode":true,"campfire_choices":[{"data":"Cleave","floor":7,"key":"SMITH"},{"data":"Pummel","floor":10,"key":"SMITH"},{"data":"Offering","floor":13,"key":"SMITH"},{"data":"Hemokinesis","floor":15,"key":"SMITH"}],"neow_cost":"NONE","seed_source_timestamp":38260255186231,"circlet_count":0,"master_deck":["AscendersBane","Strike_R","Strike_R","Strike_R","Strike_R","Defend_R","Defend_R","Defend_R","Defend_R","Bash","Cleave+1","Pummel+1","Flex","Ghostly Armor","Offering+1","Hemokinesis+1"],"relics":["Burning Blood","Centennial Puzzle","Tiny Chest","Bronze Scales","Bag of Marbles","Anchor"],"potions_floor_usage":[8,8,16],"damage_taken":[{"damage":3,"enemies":"2 Louse","floor":1,"turns":3},{"damage":16,"enemies":"Jaw Worm","floor":2,"turns":5},{"damage":0,"enemies":"Small Slimes","floor":3,"turns":3},{"damage":35,"enemies":"Lagavulin","floor":8,"turns":6},{"damage":7,"enemies":"Exordium Thugs","floor":11,"turns":3},{"damage":8,"enemies":"Gremlin Nob","floor":12,"turns":3},{"damage":8,"enemies":"Large Slime","floor":14,"turns":6},{"damage":25,"enemies":"The Guardian","floor":16,"turns":8}],"seed_played":"-8121395576150249672","potions_obtained":[{"floor":2,"key":"ElixirPotion"},{"floor":3,"key":"SteroidPotion"},{"floor":12,"key":"Dexterity Potion"}],"is_trial":false,"path_per_floor":["M","M","M","?","?","?","R","E","T","R","M","E","R","M","R","B"],"character_chosen":"IRONCLAD","items_purchased":[],"campfire_rested":0,"item_purchase_floors":[],"current_hp_per_floor":[71,61,67,67,56,56,56,27,27,27,26,24,24,22,22,0],"gold":264,"neow_bonus":"RANDOM_COMMON_RELIC","is_prod":false,"is_daily":false,"chose_seed":false,"campfire_upgraded":4,"win_rate":0,"timestamp":1662043933,"path_taken":["M","M","M","?","?","?","R","E","T","R","M","E","R","M","R","BOSS"],"build_version":"2022-03-07","purchased_purges":0,"victory":false,"max_hp_per_floor":[75,75,75,75,75,75,75,75,75,75,75,75,75,75,75,75],"relic_stats":{"Centennial Puzzle":[21],"counters":[8,37],"Bronze Scales":[57],"Tiny Chest":0,"obtain_stats":[{"Centennial Puzzle":0,"Anchor":12,"Bronze Scales":8,"Tiny Chest":6,"Bag of Marbles":9,"Burning Blood":0},{"Centennial Puzzle":0,"Anchor":6,"Bronze Scales":4,"Tiny Chest":3,"Bag of Marbles":4,"Burning Blood":0},{"Centennial Puzzle":0,"Anchor":23,"Bronze Scales":17,"Tiny Chest":11,"Bag of Marbles":17,"Burning Blood":0}],"Burning Blood":42},"card_choices":[{"not_picked":["Twin Strike","Warcry"],"picked":"Cleave","floor":1},{"not_picked":["Heavy Blade","Wild Strike"],"picked":"Twin Strike","floor":2},{"not_picked":["Iron Wave","Exhume"],"picked":"Pummel","floor":3},{"not_picked":["Heavy Blade","Thunderclap"],"picked":"Flex","floor":8},{"not_picked":["Hemokinesis","Havoc"],"picked":"Ghostly Armor","floor":11},{"not_picked":["Inflame","Pummel"],"picked":"Offering","floor":12},{"not_picked":["True Grit","Anger"],"picked":"Hemokinesis","floor":14}],"player_experience":1146794,"relics_obtained":[{"floor":8,"key":"Bronze Scales"},{"floor":9,"key":"Bag of Marbles"},{"floor":12,"key":"Anchor"}],"event_choices":[{"cards_removed":["Strike_R"],"damage_healed":0,"gold_gain":0,"player_choice":"Card Removal","damage_taken":0,"max_hp_gain":0,"max_hp_loss":0,"event_name":"The Cleric","floor":4,"gold_loss":75},{"damage_healed":0,"gold_gain":75,"player_choice":"Gather Gold","damage_taken":11,"max_hp_gain":0,"max_hp_loss":0,"event_name":"World of Goop","floor":5,"gold_loss":0},{"cards_removed":["Twin Strike"],"damage_healed":0,"gold_gain":0,"player_choice":"Gave Card","damage_taken":0,"relics_obtained":["Tiny Chest"],"max_hp_gain":0,"max_hp_loss":0,"event_name":"WeMeetAgain","floor":6,"gold_loss":0}],"is_beta":false,"boss_relics":[],"items_purged_floors":[],"is_endless":false,"potions_floor_spawned":[2,3,12],"killed_by":"The Guardian","ascension_level":20}