{"gold_per_floor":[118,137,287,14,14,14,49,61,61,4,4,22,22,37,37,127,127,146,177,22,46,46,46,59,59,113,138,177,198,236,254,254,353,353,377,398,419,433,447,447],"floor_reached":40,"playtime":5678,"items_purged":["Strike_R"],"score":864,"play_id":"1521c8e5-554b-4f39-bf70-5d217b8ae9aa","local_time":"20220907012603","is_ascension_mode":true,"campfire_choices":[{"floor":6.0,"key":"REST"},{"data":"Flame Barrier","floor":15.0,"key":"SMITH"},{"floor":25.0,"key":"REST"},{"data":"Demon Form","floor":32.0,"key":"SMITH"}],"neow_cost":"NONE","seed_source_timestamp":43950523774372,"circlet_count":0,"master_deck":["AscendersBane","Strike_R+1","Strike_R","Defend_R","Defend_R","Defend_R","Bash+1","Flame Barrier+1","Twin Strike","Doubt","Shockwave+1","Burning Pact+1","True Grit+1","Power Through+1","Immolate","Spot Weakness+1","Feel No Pain","Blood for Blood","Bloodletting+1","Demon Form+1","Disarm+1","Reaper","True Grit+1","Disarm+1","Shockwave+1","Bloodletting+1","Sentinel+1","Offering+1"],"special_seed":0,"relics":["Burning Blood","Centennial Puzzle","Toxic Egg 2","Champion Belt","InkBottle","Golden Idol","Snecko Eye","Red Mask","Nilry\u0027s Codex","Ancient Tea Set","Tiny Chest","Astrolabe"],"potions_floor_usage":[],"damage_taken":[{"damage":7.0,"enemies":"Small Slimes","floor":1.0,"turns":4.0},{"damage":2.0,"enemies":"Jaw Worm","floor":2.0,"turns":5.0},{"damage":43.0,"enemies":"3 Sentries","floor":7.0,"turns":12.0},{"damage":3.0,"enemies":"Cultist","floor":8.0,"turns":4.0},{"damage":5.0,"enemies":"Blue Slaver","floor":12.0,"turns":5.0},{"damage":11.0,"enemies":"Large Slime","floor":14.0,"turns":7.0},{"damage":25.0,"enemies":"The Guardian","floor":16.0,"turns":20.0},{"damage":13.0,"enemies":"Spheric Guardian","floor":18.0,"turns":5.0},{"damage":8.0,"enemies":"Masked Bandits","floor":19.0,"turns":4.0},{"damage":6.0,"enemies":"Shell Parasite","floor":21.0,"turns":5.0},{"damage":3.0,"enemies":"3 Cultists","floor":24.0,"turns":4.0},{"damage":3.0,"enemies":"Centurion and Healer","floor":27.0,"turns":2.0},{"damage":4.0,"enemies":"Slavers","floor":28.0,"turns":4.0},{"damage":16.0,"enemies":"Cultist and Chosen","floor":29.0,"turns":5.0},{"damage":13.0,"enemies":"Gremlin Leader","floor":30.0,"turns":4.0},{"damage":7.0,"enemies":"Shelled Parasite and Fungi","floor":31.0,"turns":5.0},{"damage":16.0,"enemies":"Automaton","floor":33.0,"turns":5.0},{"damage":6.0,"enemies":"3 Darklings","floor":35.0,"turns":4.0},{"damage":0.0,"enemies":"Orb Walker","floor":36.0,"turns":6.0},{"damage":4.0,"enemies":"Maw","floor":37.0,"turns":8.0},{"damage":83.0,"enemies":"Transient","floor":38.0,"turns":6.0},{"damage":4,"enemies":"4 Shapes","floor":39,"turns":4},{"damage":94,"enemies":"Reptomancer","floor":40,"turns":6}],"seed_played":"3315260915090903256","potions_obtained":[{"floor":2.0,"key":"Block Potion"},{"floor":12.0,"key":"SpeedPotion"},{"floor":14.0,"key":"Swift Potion"},{"floor":16.0,"key":"SpeedPotion"},{"floor":18.0,"key":"PowerPotion"},{"floor":28.0,"key":"Swift Potion"},{"floor":30.0,"key":"Swift Potion"},{"floor":33.0,"key":"SneckoOil"},{"floor":36.0,"key":"BloodPotion"}],"is_trial":false,"path_per_floor":["M","M","?","$","?","R","E","M","T","$","$","M","?","M","R","B",null,"M","?","$","M","?","$","M","R","T","M","E","M","E","M","R","B",null,"M","M","M","M","M","E"],"character_chosen":"IRONCLAD","items_purchased":["Toxic Egg 2","True Grit+1","Feel No Pain"],"campfire_rested":2,"item_purchase_floors":[4,10,20],"current_hp_per_floor":[67,71,71,71,48,70,33,36,36,36,36,37,37,32,32,13,54,47,45,45,45,24,24,27,47,47,50,52,42,35,34,34,24,57,68,68,68,14,68,0],"gold":447,"neow_bonus":"RANDOM_COMMON_RELIC","is_prod":false,"is_daily":false,"chose_seed":false,"campfire_upgraded":2,"win_rate":0,"timestamp":1662539163,"path_taken":["M","M","?","$","?","R","E","M","T","?","$","?","?","M","R","BOSS","M","?","$","M","?","$","M","R","T","M","E","M","E","M","R","BOSS","M","M","M","M","M","E"],"build_version":"2022-03-07","purchased_purges":1,"victory":false,"max_hp_per_floor":[75,75,75,75,75,75,75,75,75,75,75,75,68,68,68,68,68,68,68,68,68,68,68,68,68,68,68,68,68,68,68,68,68,68,68,68,68,68,68,68],"relic_stats":{"Centennial Puzzle":[66],"counters":[23,134],"Golden Idol":107,"Nilry\u0027s Codex":[4,14,17,17],"Astrolabe":["True Grit","Disarm","Shockwave"],"Snecko Eye":[146,142,143,148,-84],"Tiny Chest":0,"Champion Belt":[59],"Ancient Tea Set":[2],"obtain_stats":[{"Centennial Puzzle":0,"Golden Idol":13,"Nilry\u0027s Codex":22,"Astrolabe":34,"Snecko Eye":17,"Tiny Chest":30,"Red Mask":19,"Champion Belt":7,"Toxic Egg 2":4,"Ancient Tea Set":28,"Burning Blood":0,"InkBottle":9},{"Centennial Puzzle":0,"Golden Idol":5,"Nilry\u0027s Codex":10,"Astrolabe":17,"Snecko Eye":7,"Tiny Chest":15,"Red Mask":9,"Champion Belt":3,"Toxic Egg 2":2,"Ancient Tea Set":13,"Burning Blood":0,"InkBottle":4},{"Centennial Puzzle":0,"Golden Idol":30,"Nilry\u0027s Codex":71,"Astrolabe":100,"Snecko Eye":57,"Tiny Chest":90,"Red Mask":66,"Champion Belt":21,"Toxic Egg 2":9,"Ancient Tea Set":81,"Burning Blood":0,"InkBottle":25}],"Burning Blood":117,"InkBottle":[36]},"card_choices":[{"not_picked":["Twin Strike","Body Slam"],"picked":"Flame Barrier","floor":1.0},{"not_picked":["True Grit","Flex"],"picked":"Twin Strike","floor":2.0},{"not_picked":["Metallicize","Armaments+1"],"picked":"Shockwave+1","floor":7.0},{"not_picked":["Wild Strike","Anger"],"picked":"Burning Pact+1","floor":8.0},{"not_picked":["Fire Breathing","Entrench+1","Sword Boomerang"],"picked":"SKIP","floor":12.0},{"not_picked":["Pommel Strike","Dropkick"],"picked":"Power Through+1","floor":14.0},{"not_picked":["Impervious+1","Double Tap+1"],"picked":"Immolate","floor":16.0},{"not_picked":["Twin Strike+1","Sword Boomerang","Flex+1"],"picked":"SKIP","floor":18.0},{"not_picked":["Sword Boomerang","Infernal Blade+1"],"picked":"Spot Weakness+1","floor":19.0},{"not_picked":["Inflame","Sword Boomerang"],"picked":"Blood for Blood","floor":21.0},{"not_picked":["Clash","Burning Pact+1"],"picked":"Bloodletting+1","floor":24.0},{"not_picked":["Metallicize","Warcry+1","Combust"],"picked":"SKIP","floor":27.0},{"not_picked":["Carnage","Warcry+1"],"picked":"Demon Form","floor":28.0},{"not_picked":["Feel No Pain","Hemokinesis","Spot Weakness+1"],"picked":"SKIP","floor":29.0},{"not_picked":["Dual Wield+1","Perfected Strike","Cleave"],"picked":"SKIP","floor":30.0},{"not_picked":["Shrug It Off+1","Uppercut"],"picked":"Disarm+1","floor":31.0},{"not_picked":["Juggernaut","Limit Break+1"],"picked":"Reaper","floor":33.0},{"not_picked":["Sever Soul","Armaments+1","Perfected Strike"],"picked":"SKIP","floor":35.0},{"not_picked":["Twin Strike","Headbutt"],"picked":"Bloodletting+1","floor":36.0},{"not_picked":["Sever Soul","Cleave","True Grit+1"],"picked":"SKIP","floor":37.0},{"not_picked":["Uppercut+1","True Grit+1"],"picked":"Sentinel+1","floor":38.0},{"not_picked":["Burning Pact+1","Hemokinesis"],"picked":"Offering+1","floor":39}],"player_experience":1161397,"relics_obtained":[{"floor":7.0,"key":"Champion Belt"},{"floor":9.0,"key":"InkBottle"},{"floor":19.0,"key":"Red Mask"},{"floor":22.0,"key":"Nilry\u0027s Codex"},{"floor":28.0,"key":"Ancient Tea Set"},{"floor":30.0,"key":"Tiny Chest"}],"event_choices":[{"damage_healed":0.0,"max_hp_gain":0.0,"max_hp_loss":0.0,"gold_gain":150.0,"event_name":"Liars Game","player_choice":"AGREE","floor":3.0,"gold_loss":0.0,"damage_taken":0.0,"cards_obtained":["Doubt"]},{"damage_healed":0.0,"max_hp_gain":0.0,"max_hp_loss":0.0,"gold_gain":0.0,"event_name":"Shining Light","player_choice":"Entered Light","floor":5.0,"gold_loss":0.0,"damage_taken":23.0,"cards_upgraded":["Bash","Strike_R"]},{"damage_healed":0.0,"max_hp_gain":0.0,"max_hp_loss":7.0,"gold_gain":0.0,"event_name":"Golden Idol","player_choice":"Lose Max HP","floor":13.0,"gold_loss":0.0,"damage_taken":0.0,"relics_obtained":["Golden Idol"]},{"damage_healed":0.0,"max_hp_gain":0.0,"max_hp_loss":0.0,"gold_gain":0.0,"event_name":"Masked Bandits","player_choice":"Fought Bandits","floor":19.0,"gold_loss":0.0,"damage_taken":0.0},{"damage_healed":0.0,"max_hp_gain":0.0,"max_hp_loss":0.0,"gold_gain":0.0,"event_name":"Cursed Tome","player_choice":"Obtained Book","floor":22.0,"gold_loss":0.0,"damage_taken":21.0}],"is_beta":false,"boss_relics":[{"not_picked":["Mark of Pain","Busted Crown"],"picked":"Snecko Eye"},{"not_picked":["Empty Cage","Black Blood"],"picked":"Astrolabe"}],"items_purged_floors":[20],"is_endless":false,"potions_floor_spawned":[2,12,14,16,18,28,30,33,36,37],"killed_by":"Reptomancer","ascension_level":20}