{"gold_per_floor":[119,133,133,133,50,50,67,101,147,147,179,179,17,48,48,125,125,136,148,148,181,195,226,226,251,251,263,274,309,309,340,340,414,414,432,451,463,481,481,512,512,528,528,553,553],"floor_reached":45,"playtime":2931,"items_purged":["Strike_R"],"score":1232,"play_id":"14ff631a-2b48-4ddd-9abd-9811595badbd","local_time":"20220923045206","is_ascension_mode":true,"campfire_choices":[{"data":"Carnage","floor":6.0,"key":"SMITH"},{"data":"Flash of Steel","floor":10.0,"key":"SMITH"},{"data":"Disarm","floor":12.0,"key":"SMITH"},{"data":"Inflame","floor":15.0,"key":"SMITH"},{"data":"Offering","floor":30.0,"key":"SMITH"},{"data":"Limit Break","floor":32.0,"key":"SMITH"},{"floor":41.0,"key":"REST"}],"neow_cost":"NONE","seed_source_timestamp":80548085278745,"circlet_count":0,"master_deck":["AscendersBane","Strike_R+1","Strike_R+1","Strike_R+1","Defend_R+1","Defend_R+1","Defend_R+1","Bash","Flash of Steel+1","Flame Barrier","Carnage+1","True Grit","Twin Strike","Disarm+1","Inflame+1","Headbutt","Offering+1","Immolate","True Grit+1","Spot Weakness","Shrug It Off","Limit Break+1","Shrug It Off","Demon Form","Heavy Blade+1","Dark Embrace","Shrug It Off+1"],"special_seed":0,"relics":["Burning Blood","Tiny Chest","Blood Vial","Oddly Smooth Stone","Cursed Key","Red Mask","Unceasing Top","Bag of Marbles","MealTicket","Regal Pillow","Black Star","Omamori","Ancient Tea Set","Darkstone Periapt","CaptainsWheel"],"potions_floor_usage":[45],"damage_taken":[{"damage":2.0,"enemies":"2 Louse","floor":1.0,"turns":3.0},{"damage":0.0,"enemies":"Cultist","floor":2.0,"turns":3.0},{"damage":0.0,"enemies":"Small Slimes","floor":7.0,"turns":4.0},{"damage":23.0,"enemies":"Lagavulin","floor":8.0,"turns":5.0},{"damage":20.0,"enemies":"3 Sentries","floor":11.0,"turns":8.0},{"damage":12.0,"enemies":"Lagavulin","floor":14.0,"turns":6.0},{"damage":18.0,"enemies":"Slime Boss","floor":16.0,"turns":7.0},{"damage":9.0,"enemies":"Spheric Guardian","floor":18.0,"turns":4.0},{"damage":0.0,"enemies":"Chosen","floor":19.0,"turns":3.0},{"damage":0.0,"enemies":"Masked Bandits","floor":21.0,"turns":2.0},{"damage":0.0,"enemies":"3 Cultists","floor":22.0,"turns":4.0},{"damage":12.0,"enemies":"Slavers","floor":23.0,"turns":5.0},{"damage":6.0,"enemies":"Gremlin Leader","floor":25.0,"turns":4.0},{"damage":0.0,"enemies":"Snake Plant","floor":27.0,"turns":3.0},{"damage":7.0,"enemies":"Centurion and Healer","floor":28.0,"turns":2.0},{"damage":6.0,"enemies":"Slavers","floor":29.0,"turns":4.0},{"damage":29.0,"enemies":"Book of Stabbing","floor":31.0,"turns":5.0},{"damage":25.0,"enemies":"Champ","floor":33.0,"turns":7.0},{"damage":6.0,"enemies":"3 Darklings","floor":35.0,"turns":3.0},{"damage":6.0,"enemies":"Orb Walker","floor":36.0,"turns":2.0},{"damage":17.0,"enemies":"Writhing Mass","floor":37.0,"turns":7.0},{"damage":18.0,"enemies":"Maw","floor":38.0,"turns":6.0},{"damage":43.0,"enemies":"Nemesis","floor":40.0,"turns":13.0},{"damage":15.0,"enemies":"Transient","floor":42.0,"turns":6.0},{"damage":12.0,"enemies":"Mind Bloom Boss Battle","floor":44.0,"turns":7.0},{"damage":70,"enemies":"Reptomancer","floor":45,"turns":6}],"seed_played":"-1336739181329616846","potions_obtained":[{"floor":1.0,"key":"ElixirPotion"},{"floor":2.0,"key":"Explosive Potion"},{"floor":11.0,"key":"GamblersBrew"},{"floor":16.0,"key":"EssenceOfSteel"},{"floor":18.0,"key":"LiquidMemories"},{"floor":19.0,"key":"PowerPotion"},{"floor":28.0,"key":"Ancient Potion"},{"floor":29.0,"key":"PowerPotion"},{"floor":35.0,"key":"FairyPotion"},{"floor":42.0,"key":"Swift Potion"}],"is_trial":false,"path_per_floor":["M","M","?","?","$","R","M","E","T","R","E","R","$","E","R","B",null,"M","M","?","?","M","E","?","E","T","M","M","E","R","E","R","B",null,"M","M","M","M","T","E","R","M","T","?","E"],"character_chosen":"IRONCLAD","items_purchased":["Carnage","Inflame"],"campfire_rested":1,"item_purchase_floors":[5,13],"current_hp_per_floor":[72,75,68,68,68,68,74,57,57,57,43,43,43,39,39,29,64,63,71,71,75,75,69,69,71,71,75,74,75,75,52,52,35,65,67,69,60,50,50,15,52,45,45,41,0],"gold":553,"neow_bonus":"RANDOM_COLORLESS","is_prod":false,"is_daily":false,"chose_seed":false,"campfire_upgraded":6,"win_rate":0,"timestamp":1663926726,"path_taken":["M","M","?","?","$","R","M","E","T","R","E","R","$","E","R","BOSS","M","M","?","?","M","E","?","E","T","M","M","E","R","E","R","BOSS","M","M","M","M","?","E","R","?","T","?","E"],"build_version":"2022-03-07","purchased_purges":1,"victory":false,"max_hp_per_floor":[75,75,75,75,75,75,75,75,75,75,75,75,75,75,75,75,75,75,75,75,75,75,75,75,75,75,75,75,75,75,75,75,75,75,75,75,75,75,75,75,75,75,75,75,75],"relic_stats":{"Darkstone Periapt":0,"Regal Pillow":15,"counters":[26,129],"Omamori":1,"Cursed Key":1,"Ancient Tea Set":[2],"Burning Blood":133,"Blood Vial":33,"Tiny Chest":1,"MealTicket":0,"Black Star":1,"obtain_stats":[{"Darkstone Periapt":43,"Regal Pillow":31,"Oddly Smooth Stone":14,"Omamori":40,"Cursed Key":17,"Ancient Tea Set":40,"Burning Blood":0,"Blood Vial":11,"CaptainsWheel":44,"Tiny Chest":8,"MealTicket":29,"Red Mask":21,"Bag of Marbles":25,"Black Star":34,"Unceasing Top":23},{"Darkstone Periapt":24,"Regal Pillow":17,"Oddly Smooth Stone":6,"Omamori":23,"Cursed Key":7,"Ancient Tea Set":23,"Burning Blood":0,"Blood Vial":5,"CaptainsWheel":25,"Tiny Chest":4,"MealTicket":16,"Red Mask":10,"Bag of Marbles":13,"Black Star":18,"Unceasing Top":12},{"Darkstone Periapt":116,"Regal Pillow":72,"Oddly Smooth Stone":29,"Omamori":110,"Cursed Key":36,"Ancient Tea Set":110,"Burning Blood":0,"Blood Vial":23,"CaptainsWheel":123,"Tiny Chest":15,"MealTicket":67,"Red Mask":45,"Bag of Marbles":58,"Black Star":79,"Unceasing Top":54}],"Unceasing Top":[2]},"card_choices":[{"not_picked":["Panacea","Finesse"],"picked":"Flash of Steel","floor":0.0},{"not_picked":["Armaments","Burning Pact"],"picked":"Flame Barrier","floor":1.0},{"not_picked":["Reckless Charge","Clash","Clothesline"],"picked":"SKIP","floor":2.0},{"not_picked":["Perfected Strike","Wild Strike"],"picked":"True Grit","floor":7.0},{"not_picked":["Heavy Blade","Seeing Red"],"picked":"Twin Strike","floor":8.0},{"not_picked":["Warcry","Shrug It Off"],"picked":"Disarm","floor":11.0},{"not_picked":["Disarm","Flex"],"picked":"Headbutt","floor":14.0},{"not_picked":["Brutality","Impervious"],"picked":"Offering","floor":16.0},{"not_picked":["Evolve","Thunderclap+1","Twin Strike"],"picked":"SKIP","floor":18.0},{"not_picked":["Shrug It Off","Body Slam"],"picked":"Immolate","floor":19.0},{"not_picked":["Iron Wave+1","Thunderclap"],"picked":"True Grit+1","floor":21.0},{"not_picked":["Flex","Headbutt","Wild Strike"],"picked":"SKIP","floor":22.0},{"not_picked":["Heavy Blade+1","Pummel"],"picked":"Spot Weakness","floor":23.0},{"not_picked":["Flex","Uppercut"],"picked":"Shrug It Off","floor":25.0},{"not_picked":["Whirlwind+1","Wild Strike"],"picked":"Limit Break","floor":27.0},{"not_picked":["Armaments+1","Fire Breathing+1","Bloodletting"],"picked":"SKIP","floor":28.0},{"not_picked":["Havoc+1","Whirlwind","Seeing Red"],"picked":"SKIP","floor":29.0},{"not_picked":["Perfected Strike+1","Iron Wave"],"picked":"Shrug It Off","floor":31.0},{"not_picked":["Brutality","Double Tap"],"picked":"Demon Form","floor":33.0},{"not_picked":["True Grit+1","Body Slam"],"picked":"Heavy Blade+1","floor":35.0},{"not_picked":["Perfected Strike","True Grit","Rage"],"picked":"SKIP","floor":36.0},{"not_picked":["Pommel Strike","Body Slam"],"picked":"Dark Embrace","floor":37.0},{"not_picked":["Hemokinesis","Dropkick","Pommel Strike"],"picked":"SKIP","floor":38.0},{"not_picked":["Rage","True Grit","Iron Wave+1"],"picked":"SKIP","floor":40.0},{"not_picked":["Searing Blow","Ghostly Armor"],"picked":"Shrug It Off+1","floor":42.0}],"player_experience":1216741,"relics_obtained":[{"floor":8.0,"key":"Tiny Chest"},{"floor":11.0,"key":"Blood Vial"},{"floor":14.0,"key":"Oddly Smooth Stone"},{"floor":21.0,"key":"Red Mask"},{"floor":23.0,"key":"Unceasing Top"},{"floor":25.0,"key":"Bag of Marbles"},{"floor":29.0,"key":"MealTicket"},{"floor":31.0,"key":"Regal Pillow"},{"floor":40.0,"key":"Omamori"},{"floor":40.0,"key":"Ancient Tea Set"},{"floor":43.0,"key":"Darkstone Periapt"},{"floor":44.0,"key":"CaptainsWheel"}],"event_choices":[{"cards_removed":["Strike_R"],"damage_healed":0.0,"max_hp_gain":0.0,"max_hp_loss":0.0,"gold_gain":0.0,"event_name":"Golden Wing","player_choice":"Card Removal","floor":3.0,"gold_loss":0.0,"damage_taken":7.0},{"cards_removed":["Defend_R"],"damage_healed":0.0,"max_hp_gain":0.0,"max_hp_loss":0.0,"gold_gain":0.0,"event_name":"Bonfire Elementals","player_choice":"Offered Basic","floor":4.0,"gold_loss":0.0,"damage_taken":0.0},{"damage_healed":0.0,"max_hp_gain":0.0,"max_hp_loss":0.0,"gold_gain":0.0,"event_name":"Back to Basics","player_choice":"Simplicity","floor":20.0,"gold_loss":0.0,"damage_taken":0.0,"cards_upgraded":["Strike_R","Strike_R","Strike_R","Defend_R","Defend_R","Defend_R"]},{"damage_healed":0.0,"max_hp_gain":0.0,"max_hp_loss":0.0,"gold_gain":0.0,"event_name":"Masked Bandits","player_choice":"Fought Bandits","floor":21.0,"gold_loss":0.0,"damage_taken":0.0},{"damage_healed":0.0,"max_hp_gain":0.0,"max_hp_loss":0.0,"gold_gain":0.0,"event_name":"Ghosts","player_choice":"Ignored","floor":24.0,"gold_loss":0.0,"damage_taken":0.0},{"damage_healed":0.0,"max_hp_gain":0.0,"max_hp_loss":0.0,"gold_gain":0.0,"event_name":"MindBloom","player_choice":"Fight","floor":44.0,"gold_loss":0.0,"damage_taken":0.0}],"is_beta":false,"boss_relics":[{"not_picked":["Tiny House","Black Blood"],"picked":"Cursed Key"},{"not_picked":["Astrolabe","Runic Dome"],"picked":"Black Star"}],"items_purged_floors":[13],"is_endless":false,"potions_floor_spawned":[1,2,11,16,18,19,22,28,29,35,37,38,42],"killed_by":"Reptomancer","ascension_level":20}