{"gold_per_floor":[210,210,12,42,97,127,127,192,192,242,317,317,376,18,18,139,139,184,224,224,264,264,316,231,266,293,293,321,321,347,27,27,27],"floor_reached":33,"playtime":2121,"items_purged":["Strike_R","Strike_R"],"score":642,"play_id":"7196bfaf-3bd6-460d-b3d2-beed8a3cb51e","local_time":"20220921002307","is_ascension_mode":true,"campfire_choices":[{"data":"HandOfGreed","floor":7.0,"key":"SMITH"},{"data":"Uppercut","floor":12.0,"key":"SMITH"},{"data":"Power Through","floor":15.0,"key":"SMITH"},{"data":"True Grit","floor":27.0,"key":"SMITH"},{"floor":32.0,"key":"REST"}],"neow_cost":"NONE","seed_source_timestamp":0,"circlet_count":0,"master_deck":["AscendersBane","Strike_R","Strike_R","Defend_R+1","Defend_R","Defend_R+1","Defend_R","Bash","Iron Wave","Whirlwind","HandOfGreed+1","Burning Pact","Uppercut+1","Power Through+1","Corruption","Shockwave","Dropkick+1","RitualDagger+1","True Grit+1","Regret","Juggernaut"],"special_seed":0,"relics":["Burning Blood","Juzu Bracelet","Blood Vial","Molten Egg 2","Ginger","Eternal Feather","Cursed Key","Strawberry","Bag of Preparation","Lantern","War Paint","Boot","Bronze Scales"],"potions_floor_usage":[33],"damage_taken":[{"damage":13.0,"enemies":"Jaw Worm","floor":1.0,"turns":6.0},{"damage":0.0,"enemies":"Cultist","floor":4.0,"turns":2.0},{"damage":6.0,"enemies":"2 Louse","floor":5.0,"turns":3.0},{"damage":3.0,"enemies":"Gremlin Nob","floor":6.0,"turns":3.0},{"damage":6.0,"enemies":"2 Fungi Beasts","floor":8.0,"turns":4.0},{"damage":20.0,"enemies":"Lagavulin","floor":10.0,"turns":7.0},{"damage":21.0,"enemies":"Gremlin Nob","floor":13.0,"turns":4.0},{"damage":40.0,"enemies":"Slime Boss","floor":16.0,"turns":14.0},{"damage":20.0,"enemies":"Spheric Guardian","floor":18.0,"turns":5.0},{"damage":0.0,"enemies":"Chosen","floor":19.0,"turns":5.0},{"damage":10.0,"enemies":"Centurion and Healer","floor":21.0,"turns":4.0},{"damage":16.0,"enemies":"Gremlin Leader","floor":23.0,"turns":8.0},{"damage":12.0,"enemies":"3 Cultists","floor":25.0,"turns":5.0},{"damage":27.0,"enemies":"Slavers","floor":28.0,"turns":6.0},{"damage":32.0,"enemies":"Book of Stabbing","floor":30.0,"turns":6.0},{"damage":60,"enemies":"Champ","floor":33,"turns":18}],"seed_played":"-3223148481105685147","potions_obtained":[{"floor":5.0,"key":"SteroidPotion"},{"floor":6.0,"key":"Swift Potion"},{"floor":8.0,"key":"Dexterity Potion"},{"floor":13.0,"key":"Energy Potion"},{"floor":18.0,"key":"AttackPotion"},{"floor":25.0,"key":"ElixirPotion"}],"is_trial":false,"path_per_floor":["M","?","$","M","M","E","R","M","T","E","?","R","E","$","R","B",null,"M","M","?","M","?","E","?","M","T","R","E","?","E","$","R","B"],"character_chosen":"IRONCLAD","items_purchased":["HandOfGreed","Eternal Feather","Bronze Scales","Dexterity Potion"],"campfire_rested":1,"item_purchase_floors":[3,14,31,31],"current_hp_per_floor":[61,61,61,67,67,70,70,70,70,58,47,47,34,34,43,11,59,47,55,49,47,47,46,46,42,42,54,35,35,11,11,47,0],"gold":27,"neow_bonus":"HUNDRED_GOLD","is_prod":false,"is_daily":false,"chose_seed":false,"campfire_upgraded":4,"win_rate":0,"timestamp":1663737787,"path_taken":["M","?","$","?","M","E","R","M","T","E","?","R","E","$","R","BOSS","M","M","?","M","?","E","?","M","T","R","E","?","E","$","R","BOSS"],"build_version":"2022-03-07","purchased_purges":2,"victory":false,"max_hp_per_floor":[75,75,75,75,75,75,75,75,75,75,75,75,75,75,75,75,75,75,75,75,75,75,82,82,82,82,82,82,82,82,82,82,82],"relic_stats":{"Blood Vial":22,"counters":[16,100],"Bronze Scales":[30],"Eternal Feather":33,"Juzu Bracelet":1,"Bag of Preparation":[8],"Ginger":[17],"War Paint":["Defend_R","Defend_R"],"Cursed Key":1,"Boot":[1],"obtain_stats":[{"Lantern":26,"Eternal Feather":14,"Juzu Bracelet":6,"Bag of Preparation":24,"Ginger":13,"War Paint":28,"Cursed Key":17,"Boot":30,"Burning Blood":0,"Blood Vial":9,"Strawberry":23,"Bronze Scales":31,"Molten Egg 2":10},{"Lantern":13,"Eternal Feather":7,"Juzu Bracelet":4,"Bag of Preparation":12,"Ginger":7,"War Paint":14,"Cursed Key":8,"Boot":15,"Burning Blood":0,"Blood Vial":5,"Strawberry":12,"Bronze Scales":15,"Molten Egg 2":6},{"Lantern":70,"Eternal Feather":29,"Juzu Bracelet":14,"Bag of Preparation":65,"Ginger":29,"War Paint":76,"Cursed Key":43,"Boot":82,"Burning Blood":0,"Blood Vial":18,"Strawberry":65,"Bronze Scales":82,"Molten Egg 2":25}],"Burning Blood":90},"card_choices":[{"not_picked":["Twin Strike","Body Slam"],"picked":"Iron Wave","floor":1.0},{"not_picked":["Sentinel","Clothesline"],"picked":"Burning Pact","floor":4.0},{"not_picked":["Rage","Thunderclap","Clothesline"],"picked":"SKIP","floor":5.0},{"not_picked":["Clash","Pommel Strike"],"picked":"Uppercut","floor":6.0},{"not_picked":["Rage","Iron Wave"],"picked":"Power Through","floor":8.0},{"not_picked":["Dual Wield","Cleave+1","Rupture"],"picked":"SKIP","floor":10.0},{"not_picked":["Clothesline+1","Clash+1","Burning Pact"],"picked":"SKIP","floor":13.0},{"not_picked":["Impervious","Limit Break"],"picked":"Corruption","floor":16.0},{"not_picked":["Body Slam+1","Headbutt+1"],"picked":"Shockwave","floor":18.0},{"not_picked":["Bloodletting","Clash+1"],"picked":"Dropkick+1","floor":19.0},{"not_picked":["Infernal Blade","Uppercut+1","Carnage+1"],"picked":"SKIP","floor":21.0},{"not_picked":["Perfected Strike+1","Anger+1","Clash+1"],"picked":"SKIP","floor":23.0},{"not_picked":["Power Through","Clash+1"],"picked":"True Grit","floor":25.0},{"not_picked":["Searing Blow+1","Iron Wave+1","Clash+1"],"picked":"SKIP","floor":28.0},{"not_picked":["Perfected Strike+1","Combust"],"picked":"Juggernaut","floor":30.0}],"player_experience":1203088,"relics_obtained":[{"floor":6.0,"key":"Juzu Bracelet"},{"floor":9.0,"key":"Blood Vial"},{"floor":10.0,"key":"Molten Egg 2"},{"floor":13.0,"key":"Ginger"},{"floor":23.0,"key":"Strawberry"},{"floor":26.0,"key":"Lantern"},{"floor":28.0,"key":"War Paint"},{"floor":30.0,"key":"Boot"}],"event_choices":[{"damage_healed":0.0,"max_hp_gain":0.0,"max_hp_loss":0.0,"gold_gain":0.0,"cards_transformed":["Strike_R"],"event_name":"Transmorgrifier","player_choice":"Transformed","floor":2.0,"gold_loss":0.0,"damage_taken":0.0,"cards_obtained":["Whirlwind"]},{"damage_healed":0.0,"max_hp_gain":0.0,"max_hp_loss":0.0,"gold_gain":75.0,"event_name":"World of Goop","player_choice":"Gather Gold","floor":11.0,"gold_loss":0.0,"damage_taken":11.0},{"damage_healed":0.0,"max_hp_gain":0.0,"max_hp_loss":0.0,"gold_gain":0.0,"event_name":"Nest","player_choice":"Joined the Cult","floor":20.0,"gold_loss":0.0,"damage_taken":6.0,"cards_obtained":["RitualDagger"]},{"damage_healed":0.0,"max_hp_gain":0.0,"max_hp_loss":0.0,"gold_gain":0.0,"event_name":"Match and Keep!","player_choice":"0 cards matched","floor":22.0,"gold_loss":0.0,"damage_taken":0.0,"cards_obtained":[]},{"damage_healed":0.0,"max_hp_gain":0.0,"max_hp_loss":0.0,"gold_gain":0.0,"event_name":"Addict","player_choice":"Obtained Relic","floor":24.0,"gold_loss":85.0,"damage_taken":0.0,"relics_obtained":["Bag of Preparation"]},{"damage_healed":0.0,"max_hp_gain":0.0,"max_hp_loss":0.0,"gold_gain":0.0,"event_name":"The Mausoleum","player_choice":"Ignored","floor":29.0,"gold_loss":0.0,"damage_taken":0.0}],"is_beta":false,"boss_relics":[{"not_picked":["Sozu","Empty Cage"],"picked":"Cursed Key"}],"items_purged_floors":[14,31],"is_endless":false,"potions_floor_spawned":[5,6,8,13,18,25],"killed_by":"Champ","ascension_level":20}