{"gold_per_floor":[114,94,108,118,65,94,107,134,134,134,164,164,198,208,208,287,287,303,303,228,228,246,277,277,311,361,361,395,395,408,423,423,501,501,520,520,535,535,548,583,583,235,259,288,301,326,342,380,380,380,380,380,380,30,64,64],"floor_reached":57,"playtime":6927,"items_purged":["Twin Strike"],"score":3266,"play_id":"ed42a1dc-7810-42a9-b81f-c91d2057e0e1","local_time":"20221002222303","is_ascension_mode":true,"campfire_choices":[{"data":"Armaments","floor":10.0,"key":"SMITH"},{"data":"Rupture","floor":12.0,"key":"SMITH"},{"data":"Demon Form","floor":15.0,"key":"SMITH"},{"floor":24.0,"key":"REST"},{"data":"Feed","floor":27.0,"key":"SMITH"},{"data":"True Grit","floor":29.0,"key":"SMITH"},{"floor":32.0,"key":"REST"},{"data":"Feel No Pain","floor":41.0,"key":"SMITH"},{"floor":49,"key":"RECALL"},{"floor":53,"key":"REST"}],"neow_cost":"NONE","seed_source_timestamp":0,"circlet_count":0,"master_deck":["AscendersBane","Shrug It Off","Demon Form+1","Feed+1","Rupture+1","Havoc","Disarm","Feel No Pain+1","Uppercut","Armaments+1","True Grit+1","Second Wind","Sentinel","Power Through","Brutality+1","Sword Boomerang","Juggernaut+1","Sword Boomerang","Exhume","Feel No Pain+1","Warcry","Barricade+1","Second Wind","Pommel Strike+1","Warcry","Fiend Fire+1","Dark Embrace+1","Disarm+1","Dark Embrace+1","Master of Strategy","Shrug It Off"],"special_seed":0,"relics":["Pandora\u0027s Box","Mummified Hand","Ancient Tea Set","Frozen Egg 2","StoneCalendar","Orichalcum","Mark of Pain","Enchiridion","The Courier","Molten Egg 2","Charon\u0027s Ashes","Black Star","Pear","Ginger","HornCleat","Oddly Smooth Stone","Juzu Bracelet","Dead Branch","Question Card","CeramicFish","Blue Candle","Letter Opener","Anchor","Bag of Preparation","Pantograph"],"potions_floor_usage":[56,56],"damage_taken":[{"damage":2.0,"enemies":"2 Louse","floor":1.0,"turns":4.0},{"damage":4.0,"enemies":"Cultist","floor":3.0,"turns":3.0},{"damage":7.0,"enemies":"Jaw Worm","floor":4.0,"turns":3.0},{"damage":24.0,"enemies":"Gremlin Nob","floor":6.0,"turns":4.0},{"damage":4.0,"enemies":"2 Fungi Beasts","floor":7.0,"turns":3.0},{"damage":8.0,"enemies":"Lagavulin","floor":8.0,"turns":7.0},{"damage":6.0,"enemies":"3 Sentries","floor":11.0,"turns":6.0},{"damage":5.0,"enemies":"Lagavulin","floor":13.0,"turns":6.0},{"damage":2.0,"enemies":"3 Louse","floor":14.0,"turns":3.0},{"damage":22.0,"enemies":"Slime Boss","floor":16.0,"turns":7.0},{"damage":19.0,"enemies":"Shell Parasite","floor":18.0,"turns":4.0},{"damage":18.0,"enemies":"2 Thieves","floor":22.0,"turns":5.0},{"damage":6.0,"enemies":"Book of Stabbing","floor":23.0,"turns":4.0},{"damage":14.0,"enemies":"Slavers","floor":25.0,"turns":3.0},{"damage":20.0,"enemies":"Book of Stabbing","floor":28.0,"turns":5.0},{"damage":11.0,"enemies":"Snake Plant","floor":30.0,"turns":3.0},{"damage":2.0,"enemies":"Snecko","floor":31.0,"turns":3.0},{"damage":25.0,"enemies":"Automaton","floor":33.0,"turns":9.0},{"damage":16.0,"enemies":"Orb Walker","floor":35.0,"turns":5.0},{"damage":27.0,"enemies":"3 Darklings","floor":37.0,"turns":6.0},{"damage":8.0,"enemies":"Transient","floor":39.0,"turns":6.0},{"damage":5.0,"enemies":"Giant Head","floor":40.0,"turns":6.0},{"damage":26.0,"enemies":"Reptomancer","floor":44.0,"turns":5.0},{"damage":3.0,"enemies":"Writhing Mass","floor":45.0,"turns":4.0},{"damage":2.0,"enemies":"Nemesis","floor":46.0,"turns":3.0},{"damage":2,"enemies":"Sphere and 2 Shapes","floor":47,"turns":3},{"damage":5,"enemies":"Giant Head","floor":48,"turns":6},{"damage":0,"enemies":"Donu and Deca","floor":50,"turns":5},{"damage":10,"enemies":"Awakened One","floor":51,"turns":10},{"damage":1,"enemies":"Shield and Spear","floor":55,"turns":37},{"damage":20,"enemies":"The Heart","floor":56,"turns":5}],"seed_played":"1720952315062405472","potions_obtained":[{"floor":1.0,"key":"FearPotion"},{"floor":2.0,"key":"LiquidMemories"},{"floor":3.0,"key":"PowerPotion"},{"floor":7.0,"key":"AttackPotion"},{"floor":8.0,"key":"Fruit Juice"},{"floor":14.0,"key":"Regen Potion"},{"floor":22.0,"key":"GamblersBrew"},{"floor":23.0,"key":"ElixirPotion"},{"floor":28.0,"key":"EssenceOfSteel"},{"floor":30.0,"key":"Swift Potion"},{"floor":33.0,"key":"BloodPotion"},{"floor":37.0,"key":"FearPotion"},{"floor":38.0,"key":"Strength Potion"},{"floor":38.0,"key":"DistilledChaos"},{"floor":46.0,"key":"SpeedPotion"},{"floor":48,"key":"Dexterity Potion"}],"is_trial":false,"path_per_floor":["M","?","M","M","$","E","M","E","T","R","E","R","E","M","R","B",null,"M","?","?","?","M","E","R","E","T","R","E","R","M","M","R","B",null,"M","?","M","?","M","E","R","$","T","E","M","E","M","E","R","B","B",null,"R","$","E","B",null],"character_chosen":"IRONCLAD","items_purchased":["True Grit","HornCleat","Oddly Smooth Stone","Master of Strategy","Swift Potion","DistilledChaos","Shrug It Off"],"campfire_rested":3,"item_purchase_floors":[5,42,42,54,54,54,54],"current_hp_per_floor":[69,69,68,64,64,40,39,34,34,34,28,28,26,27,27,10,78,62,41,41,41,23,29,60,46,46,46,30,30,19,21,54,33,95,79,79,79,79,71,76,76,76,76,54,51,49,51,46,46,46,40,117,142,142,141,126],"gold":64,"neow_bonus":"BOSS_RELIC","is_prod":false,"is_daily":false,"chose_seed":false,"campfire_upgraded":6,"win_rate":0,"timestamp":1664774583,"path_taken":["M","?","?","M","$","E","M","E","T","R","E","R","E","M","R","BOSS","M","?","?","?","M","E","R","E","T","R","E","R","M","?","R","BOSS","M","?","M","?","?","E","R","$","T","E","M","E","M","E","R","BOSS","BOSS","R","$","E","BOSS"],"build_version":"2022-03-07","purchased_purges":1,"victory":true,"max_hp_per_floor":[78,78,81,84,84,84,87,90,90,90,90,90,93,96,96,101,101,104,104,104,104,104,104,104,104,104,104,108,108,108,112,112,116,116,116,116,120,120,120,130,130,130,130,134,134,134,138,138,138,138,142,142,142,142,142,146],"relic_stats":{"counters":[31,183],"Dead Branch":[192],"CeramicFish":27,"Blue Candle":[1],"StoneCalendar":[91],"The Courier":179,"Charon\u0027s Ashes":[1030],"Juzu Bracelet":0,"Bag of Preparation":[2],"Ginger":[8],"Letter Opener":[173],"Orichalcum":[42],"Ancient Tea Set":[20],"Question Card":5,"Mummified Hand":[201],"Pantograph":1,"Pandora\u0027s Box":["Shrug It Off","Demon Form","Twin Strike","Feed","Rupture","Havoc","Disarm","Feel No Pain","Uppercut"],"Black Star":5,"obtain_stats":[{"CeramicFish":46,"Enchiridion":19,"StoneCalendar":11,"Juzu Bracelet":43,"Bag of Preparation":55,"Ginger":40,"Ancient Tea Set":8,"Burning Blood":0,"HornCleat":42,"Mummified Hand":6,"Pantograph":55,"Pear":40,"Dead Branch":44,"Blue Candle":46,"Oddly Smooth Stone":42,"The Courier":23,"Charon\u0027s Ashes":28,"Letter Opener":48,"Frozen Egg 2":9,"Orichalcum":13,"Question Card":44,"Anchor":48,"Pandora\u0027s Box":0,"Molten Egg 2":25,"Mark of Pain":17,"Black Star":34},{"CeramicFish":25,"Enchiridion":11,"StoneCalendar":7,"Juzu Bracelet":22,"Bag of Preparation":30,"Ginger":22,"Ancient Tea Set":6,"Burning Blood":0,"HornCleat":22,"Mummified Hand":4,"Pantograph":30,"Pear":22,"Dead Branch":23,"Blue Candle":25,"Oddly Smooth Stone":22,"The Courier":13,"Charon\u0027s Ashes":15,"Letter Opener":27,"Frozen Egg 2":6,"Orichalcum":8,"Question Card":23,"Anchor":27,"Pandora\u0027s Box":0,"Molten Egg 2":14,"Mark of Pain":10,"Black Star":18},{"CeramicFish":117,"Enchiridion":50,"StoneCalendar":30,"Juzu Bracelet":105,"Bag of Preparation":178,"Ginger":105,"Ancient Tea Set":24,"Burning Blood":0,"HornCleat":105,"Mummified Hand":14,"Pantograph":178,"Pear":105,"Dead Branch":110,"Blue Candle":117,"Oddly Smooth Stone":105,"The Courier":59,"Charon\u0027s Ashes":67,"Letter Opener":126,"Frozen Egg 2":24,"Orichalcum":36,"Question Card":110,"Anchor":126,"Pandora\u0027s Box":0,"Molten Egg 2":62,"Mark of Pain":46,"Black Star":82}]},"card_choices":[{"not_picked":["Uppercut","Thunderclap","Entrench"],"picked":"SKIP","floor":1.0},{"not_picked":["Havoc","Thunderclap"],"picked":"Armaments","floor":3.0},{"not_picked":["Heavy Blade","Searing Blow","Fire Breathing"],"picked":"SKIP","floor":4.0},{"not_picked":["Disarm","Feel No Pain"],"picked":"Second Wind","floor":6.0},{"not_picked":["Pommel Strike","Twin Strike"],"picked":"Sentinel","floor":7.0},{"not_picked":["Disarm","Carnage"],"picked":"Power Through","floor":8.0},{"not_picked":["Thunderclap","Shrug It Off"],"picked":"Brutality+1","floor":11.0},{"not_picked":["Infernal Blade","Armaments","Iron Wave"],"picked":"SKIP","floor":13.0},{"not_picked":["Iron Wave","True Grit"],"picked":"Sword Boomerang","floor":14.0},{"not_picked":["Demon Form+1","Brutality+1"],"picked":"Juggernaut+1","floor":16.0},{"not_picked":["Clothesline","Havoc","Headbutt"],"picked":"SKIP","floor":18.0},{"not_picked":["Warcry","True Grit"],"picked":"Sword Boomerang","floor":22.0},{"not_picked":["Infernal Blade","Perfected Strike","Seeing Red"],"picked":"SKIP","floor":23.0},{"not_picked":["Flex","Wild Strike+1"],"picked":"Exhume","floor":25.0},{"not_picked":["Blood for Blood+1","Body Slam+1"],"picked":"Feel No Pain+1","floor":28.0},{"not_picked":["True Grit","Wild Strike+1"],"picked":"Warcry","floor":30.0},{"not_picked":["Armaments","Body Slam+1"],"picked":"Warcry","floor":31.0},{"not_picked":["Immolate+1","Reaper+1"],"picked":"Barricade+1","floor":33.0},{"not_picked":["True Grit","Infernal Blade"],"picked":"Second Wind","floor":35.0},{"not_picked":["Pummel+1","Seeing Red"],"picked":"Pommel Strike+1","floor":37.0},{"not_picked":["Wild Strike+1","Havoc"],"picked":"Warcry","floor":39.0},{"not_picked":["Sword Boomerang+1","Hemokinesis+1"],"picked":"Fiend Fire+1","floor":40.0},{"not_picked":["Twin Strike+1","Second Wind"],"picked":"Dark Embrace+1","floor":44.0},{"not_picked":["Wild Strike+1","Twin Strike+1","Cleave+1"],"picked":"Disarm+1","floor":45.0},{"not_picked":["Armaments","Intimidate","Anger+1","Flex"],"picked":"SKIP","floor":46.0},{"not_picked":["Ghostly Armor+1","True Grit","Heavy Blade+1","Sever Soul+1"],"picked":"SKIP","floor":47},{"not_picked":["Warcry","Power Through","Clothesline+1"],"picked":"Dark Embrace+1","floor":48},{"not_picked":["Power Through","Fire Breathing+1","Body Slam+1","Havoc"],"picked":"SKIP","floor":55}],"player_experience":1266211,"relics_obtained":[{"floor":6.0,"key":"Mummified Hand"},{"floor":8.0,"key":"Ancient Tea Set"},{"floor":9.0,"key":"Frozen Egg 2"},{"floor":11.0,"key":"StoneCalendar"},{"floor":13.0,"key":"Orichalcum"},{"floor":19.0,"key":"Enchiridion"},{"floor":23.0,"key":"The Courier"},{"floor":25.0,"key":"Molten Egg 2"},{"floor":28.0,"key":"Charon\u0027s Ashes"},{"floor":40.0,"key":"Pear"},{"floor":40.0,"key":"Ginger"},{"floor":43.0,"key":"Juzu Bracelet"},{"floor":44.0,"key":"Dead Branch"},{"floor":44.0,"key":"Question Card"},{"floor":46.0,"key":"CeramicFish"},{"floor":46.0,"key":"Blue Candle"},{"floor":48,"key":"Letter Opener"},{"floor":48,"key":"Anchor"},{"floor":55,"key":"Bag of Preparation"},{"floor":55,"key":"Pantograph"}],"event_choices":[{"damage_healed":0.0,"max_hp_gain":0.0,"max_hp_loss":0.0,"gold_gain":0.0,"event_name":"The Woman in Blue","player_choice":"Bought 1 Potion","floor":2.0,"gold_loss":0.0,"damage_taken":0.0},{"damage_healed":0.0,"max_hp_gain":0.0,"max_hp_loss":0.0,"gold_gain":0.0,"event_name":"Cursed Tome","player_choice":"Obtained Book","floor":19.0,"gold_loss":0.0,"damage_taken":21.0},{"cards_removed":["Bash"],"damage_healed":0.0,"max_hp_gain":0.0,"max_hp_loss":0.0,"gold_gain":0.0,"event_name":"Beggar","player_choice":"Gave Gold","floor":20.0,"gold_loss":75.0,"damage_taken":0.0},{"damage_healed":0.0,"max_hp_gain":0.0,"max_hp_loss":0.0,"gold_gain":0.0,"event_name":"Ghosts","player_choice":"Ignored","floor":21.0,"gold_loss":0.0,"damage_taken":0.0},{"cards_removed":["Warcry"],"damage_healed":0.0,"max_hp_gain":0.0,"max_hp_loss":0.0,"gold_gain":0.0,"event_name":"Falling","player_choice":"Removed Skill","floor":36.0,"gold_loss":0.0,"damage_taken":0.0},{"damage_healed":0.0,"max_hp_gain":0.0,"max_hp_loss":0.0,"gold_gain":0.0,"event_name":"Lab","player_choice":"Got Potions","floor":38.0,"gold_loss":0.0,"damage_taken":0.0}],"is_beta":false,"boss_relics":[{"not_picked":["Runic Dome","Busted Crown"],"picked":"Mark of Pain"},{"not_picked":["Velvet Choker","Sozu"],"picked":"Black Star"}],"items_purged_floors":[54],"is_endless":false,"potions_floor_spawned":[1,3,7,8,14,22,23,28,30,33,37,46,48,55],"ascension_level":20}