{"gold_per_floor":[362,374,106,181,197,197,226,226,226,255,255,273,337,387,387,461,461,473,473,485,485,485,485,515,515,539,569,585,598,623,327,327,398,398,408,428,303,328,13,13,44,61,61,79,79,114,130,165,165,165,165,165,165,4,39,39],"floor_reached":57,"playtime":4662,"items_purged":["Strike_R","Pain","Strike_R","Strike_R"],"score":3262,"play_id":"356a335a-bad8-46ee-be7f-730dfbb81abe","local_time":"20221004051641","is_ascension_mode":true,"campfire_choices":[{"data":"Fiend Fire","floor":6.0,"key":"SMITH"},{"data":"Pommel Strike","floor":8.0,"key":"SMITH"},{"data":"Inflame","floor":11.0,"key":"SMITH"},{"data":"Double Tap","floor":15.0,"key":"SMITH"},{"data":"Limit Break","floor":23.0,"key":"SMITH"},{"floor":25.0,"key":"REST"},{"data":"Barricade","floor":32.0,"key":"SMITH"},{"data":"Dark Embrace","floor":40.0,"key":"SMITH"},{"floor":49.0,"key":"RECALL"},{"data":"Sentinel","floor":53.0,"key":"SMITH"}],"neow_cost":"TEN_PERCENT_HP_LOSS","seed_source_timestamp":0,"circlet_count":0,"master_deck":["AscendersBane","Strike_R","Strike_R","Defend_R","Defend_R","Defend_R","Defend_R","Bash","Twin Strike","Flame Barrier","Fiend Fire+1","Shockwave+1","Inflame+1","Limit Break+1","Pommel Strike+1","Sentinel+1","Shrug It Off+1","Sword Boomerang","Power Through","Double Tap+1","Barricade+1","Sword Boomerang","Necronomicurse","Sever Soul","Demon Form","Dark Embrace+1","Flame Barrier","Limit Break","Burning Pact","Shrug It Off","Offering","Battle Trance","Burning Pact+1","Writhe","Immolate","Shrug It Off","Feel No Pain"],"special_seed":0,"relics":["Burning Blood","Orrery","Mercury Hourglass","HornCleat","Bottled Lightning","Sundial","Sozu","Necronomicon","WarpedTongs","Paper Frog","War Paint","Meat on the Bone","Bag of Preparation","Akabeko","Cursed Key","Dead Branch","Red Skull","Blood Vial","Lizard Tail","Anchor","StrikeDummy"],"potions_floor_usage":[56],"damage_taken":[{"damage":6.0,"enemies":"Jaw Worm","floor":1.0,"turns":5.0},{"damage":5.0,"enemies":"Small Slimes","floor":2.0,"turns":3.0},{"damage":0.0,"enemies":"Cultist","floor":5.0,"turns":3.0},{"damage":13.0,"enemies":"3 Sentries","floor":7.0,"turns":6.0},{"damage":0.0,"enemies":"Gremlin Nob","floor":10.0,"turns":3.0},{"damage":0.0,"enemies":"2 Fungi Beasts","floor":12.0,"turns":3.0},{"damage":0.0,"enemies":"Gremlin Nob","floor":13.0,"turns":3.0},{"damage":0.0,"enemies":"Slime Boss","floor":16.0,"turns":5.0},{"damage":8.0,"enemies":"Spheric Guardian","floor":18.0,"turns":6.0},{"damage":0.0,"enemies":"3 Byrds","floor":20.0,"turns":5.0},{"damage":24.0,"enemies":"Gremlin Leader","floor":24.0,"turns":5.0},{"damage":19.0,"enemies":"Book of Stabbing","floor":27.0,"turns":4.0},{"damage":5.0,"enemies":"Centurion and Healer","floor":28.0,"turns":4.0},{"damage":2.0,"enemies":"Cultist and Chosen","floor":29.0,"turns":6.0},{"damage":21.0,"enemies":"Gremlin Leader","floor":30.0,"turns":5.0},{"damage":8.0,"enemies":"Collector","floor":33.0,"turns":6.0},{"damage":9.0,"enemies":"3 Darklings","floor":35.0,"turns":7.0},{"damage":0.0,"enemies":"Orb Walker","floor":36.0,"turns":1.0},{"damage":0.0,"enemies":"Mind Bloom Boss Battle","floor":38.0,"turns":6.0},{"damage":0.0,"enemies":"Nemesis","floor":41.0,"turns":1.0},{"damage":6.0,"enemies":"Sphere and 2 Shapes","floor":42.0,"turns":3.0},{"damage":6.0,"enemies":"Maw","floor":44.0,"turns":1.0},{"damage":6.0,"enemies":"Giant Head","floor":46.0,"turns":4.0},{"damage":6.0,"enemies":"Writhing Mass","floor":47.0,"turns":3.0},{"damage":6.0,"enemies":"Reptomancer","floor":48.0,"turns":2.0},{"damage":6.0,"enemies":"Awakened One","floor":50.0,"turns":4.0},{"damage":29.0,"enemies":"Donu and Deca","floor":51.0,"turns":6.0},{"damage":46.0,"enemies":"Shield and Spear","floor":55.0,"turns":5.0},{"damage":39,"enemies":"The Heart","floor":56,"turns":7}],"seed_played":"-1839835932200791083","potions_obtained":[{"floor":1.0,"key":"DuplicationPotion"},{"floor":10.0,"key":"FearPotion"},{"floor":16.0,"key":"Weak Potion"}],"is_trial":false,"path_per_floor":["M","M","$","?","M","R","E","R","T","E","R","M","?","?","R","B",null,"M","?","M","?","?","R","E","R","T","E","M","M","E","$","R","B",null,"M","M","$","?","$","R","E","M","T","M","?","E","M","E","R","B","B",null,"R","$","E","B",null],"character_chosen":"IRONCLAD","items_purchased":["Orrery","Pommel Strike","Flame Barrier","Akabeko","Offering","Battle Trance","Anchor"],"campfire_rested":1,"item_purchase_floors":[3,3,31,31,39,39,54],"current_hp_per_floor":[68,68,68,57,63,63,56,56,56,62,62,68,68,68,68,68,68,66,45,51,32,32,32,14,35,35,22,35,51,48,48,48,46,66,63,69,69,73,73,73,73,73,73,73,73,73,73,73,73,73,50,67,67,67,41,22],"gold":39,"neow_bonus":"TWO_FIFTY_GOLD","is_prod":false,"is_daily":false,"chose_seed":false,"campfire_upgraded":8,"win_rate":0,"timestamp":1664885801,"path_taken":["M","M","$","?","M","R","E","R","T","E","R","M","?","?","R","BOSS","M","?","M","?","?","R","E","R","T","E","M","M","E","$","R","BOSS","BOSS","M","M","$","?","$","R","E","M","T","M","?","E","M","E","R","BOSS","BOSS","R","$","E","BOSS"],"build_version":"2022-03-07","purchased_purges":4,"victory":true,"max_hp_per_floor":[68,68,68,68,68,68,68,68,68,68,68,68,68,68,68,68,68,68,68,68,73,73,73,73,73,73,73,73,73,73,73,73,73,73,73,73,73,73,73,73,73,73,73,73,73,73,73,73,73,73,73,73,73,73,73,73],"relic_stats":{"counters":[29,121],"Dead Branch":[313],"Bag of Preparation":[28],"War Paint":["Shockwave","Shrug It Off"],"Cursed Key":1,"Burning Blood":153,"Mercury Hourglass":[437],"WarpedTongs":[79],"Sozu":7,"Blood Vial":4,"Lizard Tail":0,"Sundial":[10],"Necronomicon":[47],"Bottled Lightning":"Shrug It Off","obtain_stats":[{"Dead Branch":38,"Bag of Preparation":30,"War Paint":26,"Cursed Key":34,"Burning Blood":0,"Akabeko":31,"Mercury Hourglass":7,"WarpedTongs":22,"Sozu":17,"Blood Vial":46,"Lizard Tail":48,"Anchor":54,"HornCleat":9,"Sundial":13,"Orrery":3,"Necronomicon":19,"Bottled Lightning":10,"StrikeDummy":55,"Red Skull":41,"Paper Frog":24,"Meat on the Bone":27},{"Dead Branch":19,"Bag of Preparation":15,"War Paint":11,"Cursed Key":16,"Burning Blood":0,"Akabeko":15,"Mercury Hourglass":4,"WarpedTongs":10,"Sozu":8,"Blood Vial":23,"Lizard Tail":25,"Anchor":27,"HornCleat":4,"Sundial":7,"Orrery":2,"Necronomicon":9,"Bottled Lightning":5,"StrikeDummy":28,"Red Skull":20,"Paper Frog":11,"Meat on the Bone":12},{"Dead Branch":85,"Bag of Preparation":65,"War Paint":47,"Cursed Key":71,"Burning Blood":0,"Akabeko":65,"Mercury Hourglass":17,"WarpedTongs":42,"Sozu":31,"Blood Vial":94,"Lizard Tail":99,"Anchor":109,"HornCleat":17,"Sundial":26,"Orrery":8,"Necronomicon":37,"Bottled Lightning":20,"StrikeDummy":114,"Red Skull":86,"Paper Frog":47,"Meat on the Bone":51}],"Meat on the Bone":60},"card_choices":[{"not_picked":["Dark Embrace","Rupture"],"picked":"Twin Strike","floor":1.0},{"not_picked":["Heavy Blade","Sword Boomerang"],"picked":"Flame Barrier","floor":2.0},{"not_picked":["Flame Barrier","Infernal Blade"],"picked":"Fiend Fire","floor":3.0},{"not_picked":["Fire Breathing","Havoc"],"picked":"Shockwave","floor":3.0},{"not_picked":["True Grit","Thunderclap"],"picked":"Inflame","floor":3.0},{"not_picked":["Pommel Strike","Thunderclap"],"picked":"Limit Break","floor":3.0},{"not_picked":["Carnage","Flame Barrier"],"picked":"Sentinel","floor":5.0},{"not_picked":["Sentinel","True Grit"],"picked":"Shrug It Off","floor":7.0},{"not_picked":["Sentinel","Cleave"],"picked":"Sword Boomerang","floor":10.0},{"not_picked":["Flex","Heavy Blade"],"picked":"Power Through","floor":12.0},{"not_picked":["Rupture","Heavy Blade"],"picked":"Double Tap","floor":13.0},{"not_picked":["Berserk","Double Tap"],"picked":"Barricade","floor":16.0},{"not_picked":["Fire Breathing","Wild Strike+1"],"picked":"Sword Boomerang","floor":18.0},{"not_picked":["Havoc+1","Sword Boomerang"],"picked":"Sever Soul","floor":20.0},{"not_picked":["Sword Boomerang","Rage"],"picked":"Exhume","floor":24.0},{"not_picked":["Headbutt+1","Anger"],"picked":"Demon Form","floor":27.0},{"not_picked":["Whirlwind","Havoc","Intimidate"],"picked":"SKIP","floor":28.0},{"not_picked":["True Grit","Sword Boomerang","Perfected Strike+1"],"picked":"SKIP","floor":29.0},{"not_picked":["Immolate","Double Tap"],"picked":"Dark Embrace","floor":30.0},{"not_picked":["Juggernaut","Exhume"],"picked":"Limit Break","floor":33.0},{"not_picked":["Heavy Blade","Anger"],"picked":"Burning Pact","floor":35.0},{"not_picked":["Body Slam","Flex","Twin Strike+1"],"picked":"SKIP","floor":36.0},{"not_picked":["Rampage","Power Through"],"picked":"Shrug It Off","floor":38.0},{"not_picked":["Bloodletting+1","Clash","Headbutt"],"picked":"SKIP","floor":41.0},{"not_picked":["Intimidate","Cleave"],"picked":"Burning Pact+1","floor":42.0},{"not_picked":["Sword Boomerang","Anger","Headbutt+1"],"picked":"SKIP","floor":44.0},{"not_picked":["Cleave+1","Shrug It Off"],"picked":"Immolate","floor":46.0},{"not_picked":["Body Slam","Havoc"],"picked":"Shrug It Off","floor":47.0},{"not_picked":["Rage","Anger+1","Clash+1"],"picked":"SKIP","floor":48.0},{"not_picked":["Pommel Strike","Rage+1"],"picked":"Feel No Pain","floor":55.0}],"player_experience":1275249,"relics_obtained":[{"floor":7.0,"key":"Mercury Hourglass"},{"floor":9.0,"key":"HornCleat"},{"floor":10.0,"key":"Bottled Lightning"},{"floor":13.0,"key":"Sundial"},{"floor":19.0,"key":"Necronomicon"},{"floor":24.0,"key":"Paper Frog"},{"floor":26.0,"key":"War Paint"},{"floor":27.0,"key":"Meat on the Bone"},{"floor":30.0,"key":"Bag of Preparation"},{"floor":38.0,"key":"Dead Branch"},{"floor":41.0,"key":"Red Skull"},{"floor":46.0,"key":"Blood Vial"},{"floor":48.0,"key":"Lizard Tail"},{"floor":55.0,"key":"StrikeDummy"}],"event_choices":[{"damage_healed":0.0,"max_hp_gain":0.0,"max_hp_loss":0.0,"gold_gain":75.0,"event_name":"World of Goop","player_choice":"Gather Gold","floor":4.0,"gold_loss":0.0,"damage_taken":11.0},{"damage_healed":0.0,"max_hp_gain":0.0,"max_hp_loss":0.0,"gold_gain":0.0,"event_name":"Dead Adventurer","player_choice":"Searched \u00272\u0027 times","floor":13.0,"gold_loss":0.0,"damage_taken":0.0},{"damage_healed":0.0,"max_hp_gain":0.0,"max_hp_loss":0.0,"gold_gain":50.0,"event_name":"Golden Shrine","player_choice":"Pray","floor":14.0,"gold_loss":0.0,"damage_taken":0.0},{"damage_healed":0.0,"max_hp_gain":0.0,"max_hp_loss":0.0,"gold_gain":0.0,"event_name":"Cursed Tome","player_choice":"Obtained Book","floor":19.0,"gold_loss":0.0,"damage_taken":21.0},{"damage_healed":0.0,"max_hp_gain":5.0,"max_hp_loss":0.0,"gold_gain":0.0,"event_name":"Forgotten Altar","player_choice":"Shed Blood","floor":21.0,"gold_loss":0.0,"damage_taken":24.0},{"damage_healed":0.0,"max_hp_gain":0.0,"max_hp_loss":0.0,"gold_gain":0.0,"event_name":"Accursed Blacksmith","player_choice":"Rummage","floor":22.0,"gold_loss":0.0,"damage_taken":0.0,"relics_obtained":["WarpedTongs"],"cards_obtained":["Pain"]},{"damage_healed":0.0,"max_hp_gain":0.0,"max_hp_loss":0.0,"gold_gain":0.0,"event_name":"MindBloom","player_choice":"Fight","floor":38.0,"gold_loss":0.0,"damage_taken":0.0},{"cards_removed":["Exhume"],"damage_healed":0.0,"max_hp_gain":0.0,"max_hp_loss":0.0,"gold_gain":0.0,"event_name":"Falling","player_choice":"Removed Skill","floor":45.0,"gold_loss":0.0,"damage_taken":0.0}],"is_beta":false,"boss_relics":[{"not_picked":["Runic Dome","Busted Crown"],"picked":"Sozu"},{"not_picked":["Tiny House","Calling Bell"],"picked":"Cursed Key"}],"items_purged_floors":[3,31,37,39],"is_endless":false,"potions_floor_spawned":[1,10,16,18,27,28,35,38,47,48,55],"ascension_level":20}