{"gold_per_floor":[114,130,144,162,179,210,210,242,269,300,300,56,68,83,83,157,157,167,92,109,122,135,135,162,162,162,195,213,224,124,157,157,231,231,241,241,257,307,359,392,392,418,468,123,140,157,191,208,208,208,208,208,208,39,71,71],"floor_reached":57,"playtime":6054,"items_purged":["Warcry","Rage"],"score":3052,"play_id":"6908773c-8115-414a-b603-a1eb6d99a131","local_time":"20221027203234","is_ascension_mode":true,"campfire_choices":[{"data":"Fiend Fire","floor":7.0,"key":"SMITH"},{"data":"Pommel Strike","floor":11.0,"key":"SMITH"},{"data":"Limit Break","floor":15.0,"key":"SMITH"},{"data":"Shockwave","floor":23.0,"key":"SMITH"},{"data":"Impervious","floor":32.0,"key":"SMITH"},{"floor":41.0,"key":"RECALL"},{"floor":49.0,"key":"REST"},{"floor":53,"key":"REST"}],"neow_cost":"NONE","seed_source_timestamp":0,"circlet_count":0,"master_deck":["AscendersBane","Bash","Heavy Blade","Combust","Sword Boomerang","Pommel Strike+1","Fiend Fire+1","Flame Barrier+1","Dual Wield","Headbutt","Limit Break+1","Shrug It Off+1","Shrug It Off","Feel No Pain","Shockwave+1","Feed","Barricade","Heavy Blade","Impervious+1","Disarm","Juggernaut","Feel No Pain","Dark Embrace","Shrug It Off+1","Exhume","Corruption","Inflame","Body Slam","Exhume","Uppercut+1","Disarm","Sword Boomerang+1","Disarm","Shrug It Off+1","Limit Break","Spot Weakness"],"special_seed":0,"relics":["Pandora\u0027s Box","Nunchaku","MealTicket","Orichalcum","Blood Vial","OrangePellets","Snecko Eye","Tiny Chest","Charon\u0027s Ashes","Ginger","Blue Candle","Fusion Hammer","Lizard Tail","War Paint","Bag of Preparation","Incense Burner","Mummified Hand","Orrery","Pen Nib"],"potions_floor_usage":[56,56,56],"damage_taken":[{"damage":1.0,"enemies":"Cultist","floor":1.0,"turns":2.0},{"damage":0.0,"enemies":"2 Louse","floor":2.0,"turns":1.0},{"damage":0.0,"enemies":"Small Slimes","floor":3.0,"turns":3.0},{"damage":8.0,"enemies":"Looter","floor":4.0,"turns":3.0},{"damage":15.0,"enemies":"Lots of Slimes","floor":5.0,"turns":3.0},{"damage":11.0,"enemies":"3 Sentries","floor":6.0,"turns":5.0},{"damage":14.0,"enemies":"Lagavulin","floor":8.0,"turns":7.0},{"damage":7.0,"enemies":"3 Sentries","floor":10.0,"turns":4.0},{"damage":3.0,"enemies":"Red Slaver","floor":13.0,"turns":3.0},{"damage":2.0,"enemies":"3 Louse","floor":14.0,"turns":2.0},{"damage":8.0,"enemies":"Slime Boss","floor":16.0,"turns":11.0},{"damage":0.0,"enemies":"Shell Parasite","floor":18.0,"turns":1.0},{"damage":12.0,"enemies":"Spheric Guardian","floor":20.0,"turns":4.0},{"damage":11.0,"enemies":"Centurion and Healer","floor":21.0,"turns":12.0},{"damage":9.0,"enemies":"3 Cultists","floor":22.0,"turns":4.0},{"damage":14.0,"enemies":"Gremlin Leader","floor":24.0,"turns":5.0},{"damage":10.0,"enemies":"Book of Stabbing","floor":27.0,"turns":4.0},{"damage":9.0,"enemies":"Snake Plant","floor":28.0,"turns":5.0},{"damage":0.0,"enemies":"Snecko","floor":29.0,"turns":4.0},{"damage":15.0,"enemies":"Gremlin Leader","floor":31.0,"turns":6.0},{"damage":7.0,"enemies":"Champ","floor":33.0,"turns":20.0},{"damage":5.0,"enemies":"Orb Walker","floor":35.0,"turns":3.0},{"damage":0.0,"enemies":"3 Darklings","floor":37.0,"turns":5.0},{"damage":9.0,"enemies":"Reptomancer","floor":40.0,"turns":4.0},{"damage":8.0,"enemies":"Nemesis","floor":42.0,"turns":5.0},{"damage":0.0,"enemies":"Maw","floor":45.0,"turns":4.0},{"damage":21.0,"enemies":"Jaw Worm Horde","floor":46.0,"turns":3.0},{"damage":31.0,"enemies":"Reptomancer","floor":47.0,"turns":7.0},{"damage":0.0,"enemies":"3 Darklings","floor":48.0,"turns":3.0},{"damage":0.0,"enemies":"Time Eater","floor":50.0,"turns":6.0},{"damage":5,"enemies":"Awakened One","floor":51,"turns":11},{"damage":0,"enemies":"Shield and Spear","floor":55,"turns":5},{"damage":25,"enemies":"The Heart","floor":56,"turns":7}],"seed_played":"9008816987323038771","potions_obtained":[{"floor":1.0,"key":"ColorlessPotion"},{"floor":3.0,"key":"Energy Potion"},{"floor":5.0,"key":"Block Potion"},{"floor":14.0,"key":"GamblersBrew"},{"floor":16.0,"key":"AttackPotion"},{"floor":20.0,"key":"HeartOfIron"},{"floor":24.0,"key":"DistilledChaos"},{"floor":33.0,"key":"ElixirPotion"},{"floor":40.0,"key":"EntropicBrew"}],"is_trial":false,"path_per_floor":["M","M","M","M","M","E","R","E","T","E","R","$","M","M","R","B",null,"M","$","M","M","M","R","E","?","T","E","M","M","$","E","R","B",null,"M","?","M","?","T","E","R","E","T","$","M","M","E","M","R","B","B",null,"R","$","E","B",null],"character_chosen":"IRONCLAD","items_purchased":["OrangePellets","Feel No Pain","Incense Burner","Orrery"],"campfire_rested":2,"item_purchase_floors":[12,12,44,54],"current_hp_per_floor":[67,67,67,59,44,33,33,19,19,12,12,27,26,26,26,20,61,63,75,63,57,53,53,44,44,44,36,32,37,52,39,39,37,79,79,79,84,84,84,77,77,71,71,86,91,75,49,51,83,88,88,108,114,114,117,92],"gold":71,"neow_bonus":"BOSS_RELIC","is_prod":false,"is_daily":false,"chose_seed":false,"campfire_upgraded":5,"win_rate":0,"timestamp":1666927954,"path_taken":["M","?","M","M","M","E","R","E","T","E","R","$","M","M","R","BOSS","M","?","M","M","M","R","E","?","T","E","M","M","$","E","R","BOSS","M","?","M","?","?","E","R","E","T","$","M","M","E","?","R","BOSS","BOSS","R","$","E","BOSS"],"build_version":"2022-10-04","purchased_purges":2,"victory":true,"max_hp_per_floor":[75,75,75,75,75,75,75,75,75,75,75,75,75,75,75,75,75,75,75,75,78,81,81,84,84,84,84,87,90,90,90,90,93,93,96,96,99,99,99,99,99,99,99,99,102,105,108,108,108,111,114,114,114,114,117,117],"relic_stats":{"counters":[33,172],"Blue Candle":[0],"Charon\u0027s Ashes":[834],"Pen Nib":[1],"Bag of Preparation":[16],"Ginger":[21],"Orichalcum":[144],"War Paint":["Shrug It Off","Flame Barrier"],"Blood Vial":44,"OrangePellets":[19],"Nunchaku":[21],"Lizard Tail":0,"Mummified Hand":[39],"Snecko Eye":[114,128,137,139,-85],"Pandora\u0027s Box":["Warcry","Heavy Blade","Combust","Sword Boomerang","Rage","Pommel Strike","Fiend Fire","Flame Barrier","Dual Wield"],"MealTicket":57,"Tiny Chest":1,"obtain_stats":[{"Blue Candle":31,"Charon\u0027s Ashes":26,"Pen Nib":55,"Bag of Preparation":43,"Incense Burner":44,"Ginger":27,"Orichalcum":9,"War Paint":42,"Burning Blood":0,"Blood Vial":10,"OrangePellets":12,"Nunchaku":6,"Lizard Tail":40,"Mummified Hand":47,"Snecko Eye":17,"Orrery":54,"Pandora\u0027s Box":0,"MealTicket":8,"Tiny Chest":24,"Fusion Hammer":34},{"Blue Candle":20,"Charon\u0027s Ashes":16,"Pen Nib":32,"Bag of Preparation":25,"Incense Burner":25,"Ginger":17,"Orichalcum":7,"War Paint":25,"Burning Blood":0,"Blood Vial":8,"OrangePellets":8,"Nunchaku":6,"Lizard Tail":24,"Mummified Hand":28,"Snecko Eye":11,"Orrery":31,"Pandora\u0027s Box":0,"MealTicket":7,"Tiny Chest":16,"Fusion Hammer":21},{"Blue Candle":89,"Charon\u0027s Ashes":70,"Pen Nib":165,"Bag of Preparation":126,"Incense Burner":126,"Ginger":74,"Orichalcum":24,"War Paint":126,"Burning Blood":0,"Blood Vial":28,"OrangePellets":28,"Nunchaku":17,"Lizard Tail":121,"Mummified Hand":140,"Snecko Eye":44,"Orrery":160,"Pandora\u0027s Box":0,"MealTicket":24,"Tiny Chest":70,"Fusion Hammer":109}]},"card_choices":[{"not_picked":["Pummel","Flame Barrier"],"picked":"Spot Weakness","floor":1.0},{"not_picked":["Warcry","Wild Strike","Anger"],"picked":"SKIP","floor":2.0},{"not_picked":["Iron Wave","Havoc","Flex"],"picked":"SKIP","floor":3.0},{"not_picked":["Rage","Clash"],"picked":"Headbutt","floor":4.0},{"not_picked":["Combust","Wild Strike","Thunderclap"],"picked":"SKIP","floor":5.0},{"not_picked":["Disarm","Infernal Blade"],"picked":"Limit Break","floor":6.0},{"not_picked":["Intimidate","Clash"],"picked":"Shrug It Off","floor":8.0},{"not_picked":["Headbutt","Twin Strike"],"picked":"Shrug It Off","floor":10.0},{"not_picked":["Anger","Sword Boomerang"],"picked":"Shockwave","floor":13.0},{"not_picked":["Havoc","Combust"],"picked":"Feed","floor":14.0},{"not_picked":["Fiend Fire","Double Tap"],"picked":"Barricade","floor":16.0},{"not_picked":["Sword Boomerang","Flex"],"picked":"Heavy Blade","floor":18.0},{"not_picked":["Twin Strike","Shrug It Off","Warcry"],"picked":"SKIP","floor":20.0},{"not_picked":["Shockwave","Twin Strike"],"picked":"Impervious","floor":21.0},{"not_picked":["Perfected Strike","Twin Strike"],"picked":"Disarm","floor":22.0},{"not_picked":["Battle Trance+1","Twin Strike","Seeing Red"],"picked":"SKIP","floor":24.0},{"not_picked":["Warcry","Power Through"],"picked":"Feel No Pain","floor":27.0},{"not_picked":["Clash","Dropkick"],"picked":"Dark Embrace","floor":28.0},{"not_picked":["Headbutt","Sever Soul"],"picked":"Shrug It Off+1","floor":29.0},{"not_picked":["Clothesline","Shrug It Off"],"picked":"Exhume","floor":31.0},{"not_picked":["Fiend Fire","Brutality"],"picked":"Corruption","floor":33.0},{"not_picked":["Dual Wield","Fire Breathing"],"picked":"Inflame","floor":35.0},{"not_picked":["Clash","Dual Wield","Havoc"],"picked":"SKIP","floor":37.0},{"not_picked":["Anger","Evolve","Iron Wave"],"picked":"SKIP","floor":40.0},{"not_picked":["Ghostly Armor+1","Headbutt+1","Cleave+1"],"picked":"SKIP","floor":42.0},{"not_picked":["Inflame","Pommel Strike"],"picked":"Body Slam","floor":45.0},{"not_picked":["Pommel Strike+1","Battle Trance"],"picked":"Exhume","floor":46.0},{"not_picked":["Headbutt","Heavy Blade"],"picked":"Uppercut+1","floor":47.0},{"not_picked":["Dual Wield","Warcry"],"picked":"Disarm","floor":48.0},{"not_picked":["Twin Strike","Fire Breathing"],"picked":"Sword Boomerang+1","floor":54},{"not_picked":["Twin Strike","Heavy Blade"],"picked":"Disarm","floor":54},{"not_picked":["Headbutt","Perfected Strike+1"],"picked":"Shrug It Off+1","floor":54},{"not_picked":["Warcry+1","Armaments"],"picked":"Limit Break","floor":54},{"not_picked":["Fiend Fire","Dropkick+1"],"picked":"Spot Weakness","floor":54},{"not_picked":["Whirlwind","Perfected Strike","Fire Breathing"],"picked":"SKIP","floor":55}],"player_experience":1317465,"relics_obtained":[{"floor":6.0,"key":"Nunchaku"},{"floor":8.0,"key":"MealTicket"},{"floor":9.0,"key":"Orichalcum"},{"floor":10.0,"key":"Blood Vial"},{"floor":24.0,"key":"Tiny Chest"},{"floor":26.0,"key":"Charon\u0027s Ashes"},{"floor":27.0,"key":"Ginger"},{"floor":31.0,"key":"Blue Candle"},{"floor":40.0,"key":"Lizard Tail"},{"floor":42.0,"key":"War Paint"},{"floor":43.0,"key":"Bag of Preparation"},{"floor":47.0,"key":"Mummified Hand"},{"floor":55,"key":"Pen Nib"}],"event_choices":[{"damage_healed":0.0,"max_hp_gain":0.0,"max_hp_loss":0.0,"gold_gain":0.0,"event_name":"The Library","player_choice":"Read","floor":25.0,"gold_loss":0.0,"damage_taken":0.0,"cards_obtained":["Juggernaut"]},{"cards_removed":["Spot Weakness"],"damage_healed":0.0,"max_hp_gain":0.0,"max_hp_loss":0.0,"gold_gain":0.0,"event_name":"Falling","player_choice":"Removed Skill","floor":36.0,"gold_loss":0.0,"damage_taken":0.0},{"damage_healed":0.0,"max_hp_gain":0.0,"max_hp_loss":0.0,"gold_gain":50.0,"event_name":"Golden Shrine","player_choice":"Pray","floor":38.0,"gold_loss":0.0,"damage_taken":0.0}],"is_beta":false,"boss_relics":[{"not_picked":["SacredBark","Philosopher\u0027s Stone"],"picked":"Snecko Eye"},{"not_picked":["Runic Dome","Cursed Key"],"picked":"Fusion Hammer"}],"items_purged_floors":[19,30],"is_endless":false,"potions_floor_spawned":[1,3,5,14,16,18,20,24,33,40,42],"ascension_level":20}