{"gold_per_floor":[113,131,145,165,182,182,11,44,44,75,85,97,127,192,192,270,270,285,301,301,36,47,47,75,75,153,178,193,193,211,40,40,111,111,128,153,153,172,182,182],"floor_reached":40,"playtime":2669,"items_purged":["Strike_R","Strike_R"],"score":925,"play_id":"adeb3d5e-15dd-475e-a6f3-9a88cecbbc12","local_time":"20221123025517","is_ascension_mode":true,"campfire_choices":[{"floor":6.0,"key":"REST"},{"floor":15.0,"key":"REST"},{"floor":23.0,"key":"REST"},{"floor":25.0,"key":"REST"},{"floor":32.0,"key":"REST"}],"neow_cost":"NONE","seed_source_timestamp":0,"circlet_count":0,"master_deck":["AscendersBane","Strike_R","Strike_R","Strike_R","Defend_R","Defend_R","Defend_R","Defend_R","Bash","Pommel Strike","True Grit","Pommel Strike","Infernal Blade","Shockwave","Feel No Pain","Barricade","Headbutt+1","Sword Boomerang+1","Seeing Red","Combust","Bludgeon+1","Battle Trance+1","Juggernaut","Bandage Up","Armaments","Body Slam+1","Inflame","Writhe","Burning Pact+1","Offering","Flame Barrier","Double Tap","Bludgeon+1","True Grit+1","Armaments+1"],"special_seed":0,"relics":["SlaversCollar","Bottled Lightning","Molten Egg 2","Paper Frog","Regal Pillow","Mark of Pain","Art of War","TungstenRod","Question Card","OrangePellets","Philosopher\u0027s Stone","Calipers"],"potions_floor_usage":[40,40],"damage_taken":[{"damage":3.0,"enemies":"2 Louse","floor":1.0,"turns":4.0},{"damage":7.0,"enemies":"Cultist","floor":2.0,"turns":4.0},{"damage":9.0,"enemies":"Jaw Worm","floor":3.0,"turns":5.0},{"damage":13.0,"enemies":"Large Slime","floor":4.0,"turns":8.0},{"damage":16.0,"enemies":"Blue Slaver","floor":5.0,"turns":4.0},{"damage":4.0,"enemies":"3 Sentries","floor":8.0,"turns":6.0},{"damage":24.0,"enemies":"Gremlin Nob","floor":10.0,"turns":4.0},{"damage":9.0,"enemies":"Gremlin Gang","floor":11.0,"turns":6.0},{"damage":22.0,"enemies":"Lots of Slimes","floor":12.0,"turns":6.0},{"damage":7.0,"enemies":"Lagavulin","floor":13.0,"turns":5.0},{"damage":33.0,"enemies":"The Guardian","floor":16.0,"turns":14.0},{"damage":16.0,"enemies":"2 Thieves","floor":18.0,"turns":3.0},{"damage":12.0,"enemies":"3 Byrds","floor":19.0,"turns":5.0},{"damage":33.0,"enemies":"Sentry and Sphere","floor":22.0,"turns":6.0},{"damage":26.0,"enemies":"Slavers","floor":24.0,"turns":7.0},{"damage":28.0,"enemies":"Book of Stabbing","floor":27.0,"turns":4.0},{"damage":15.0,"enemies":"Shelled Parasite and Fungi","floor":28.0,"turns":4.0},{"damage":0.0,"enemies":"Snecko","floor":30.0,"turns":3.0},{"damage":23.0,"enemies":"Champ","floor":33.0,"turns":8.0},{"damage":13.0,"enemies":"3 Shapes","floor":35.0,"turns":6.0},{"damage":5.0,"enemies":"Mind Bloom Boss Battle","floor":36.0,"turns":2.0},{"damage":0.0,"enemies":"Orb Walker","floor":38.0,"turns":2.0},{"damage":24.0,"enemies":"Sphere and 2 Shapes","floor":39.0,"turns":5.0},{"damage":66,"enemies":"Giant Head","floor":40,"turns":5}],"seed_played":"-4288087460862228802","potions_obtained":[{"floor":3.0,"key":"Fire Potion"},{"floor":8.0,"key":"BloodPotion"},{"floor":11.0,"key":"BloodPotion"},{"floor":13.0,"key":"Ancient Potion"},{"floor":19.0,"key":"Dexterity Potion"},{"floor":28.0,"key":"Energy Potion"},{"floor":33.0,"key":"SteroidPotion"},{"floor":39.0,"key":"Regen Potion"}],"is_trial":false,"path_per_floor":["M","M","M","M","M","R","$","E","T","E","M","M","E","?","R","B",null,"M","M","?","$","M","R","E","R","T","E","M","?","M","$","R","B",null,"M","?","?","M","M","E"],"character_chosen":"IRONCLAD","items_purchased":["Feel No Pain","Explosive Potion","Bandage Up","Armaments","OrangePellets"],"campfire_rested":5,"item_purchase_floors":[7,7,21,21,31],"current_hp_per_floor":[65,58,49,36,20,42,42,38,38,14,20,13,6,6,43,10,59,43,31,31,31,2,39,17,54,54,26,15,15,15,15,52,33,65,56,51,51,51,33,0],"gold":182,"neow_bonus":"BOSS_RELIC","is_prod":false,"is_daily":false,"chose_seed":false,"campfire_upgraded":0,"win_rate":0,"timestamp":1669193717,"path_taken":["M","M","M","M","M","R","$","E","T","E","M","M","E","?","R","BOSS","M","M","?","?","?","R","E","R","T","E","M","?","M","$","R","BOSS","BOSS","M","?","?","M","?","E"],"build_version":"2022-10-04","purchased_purges":2,"victory":false,"max_hp_per_floor":[75,75,75,75,75,75,75,75,75,75,75,75,75,75,75,75,75,75,75,75,75,75,75,75,75,75,75,75,75,75,75,75,75,75,75,75,75,75,75,75],"relic_stats":{"OrangePellets":[9],"Regal Pillow":60,"Calipers":[2],"counters":[24,126],"Art of War":[7],"Bottled Lightning":"Shockwave","Question Card":7,"obtain_stats":[{"Regal Pillow":13,"Calipers":36,"Question Card":29,"Burning Blood":0,"SlaversCollar":0,"OrangePellets":31,"Molten Egg 2":9,"Philosopher\u0027s Stone":34,"Mark of Pain":17,"Art of War":24,"Bottled Lightning":8,"TungstenRod":27,"Paper Frog":10},{"Regal Pillow":10,"Calipers":21,"Question Card":17,"Burning Blood":0,"SlaversCollar":0,"OrangePellets":18,"Molten Egg 2":6,"Philosopher\u0027s Stone":19,"Mark of Pain":11,"Art of War":15,"Bottled Lightning":6,"TungstenRod":16,"Paper Frog":7},{"Regal Pillow":52,"Calipers":114,"Question Card":95,"Burning Blood":0,"SlaversCollar":0,"OrangePellets":98,"Molten Egg 2":31,"Philosopher\u0027s Stone":106,"Mark of Pain":66,"Art of War":87,"Bottled Lightning":31,"TungstenRod":91,"Paper Frog":35}],"TungstenRod":29},"card_choices":[{"not_picked":["Clash","Cleave"],"picked":"Pommel Strike","floor":1.0},{"not_picked":["Anger","Perfected Strike"],"picked":"True Grit","floor":2.0},{"not_picked":["Havoc","Wild Strike"],"picked":"Pommel Strike","floor":3.0},{"not_picked":["Warcry","Havoc"],"picked":"Infernal Blade","floor":4.0},{"not_picked":["Flex","Rupture"],"picked":"Shockwave","floor":5.0},{"not_picked":["Cleave","Hemokinesis"],"picked":"Barricade","floor":8.0},{"not_picked":["Searing Blow+1","Anger+1"],"picked":"Headbutt+1","floor":10.0},{"not_picked":["Feel No Pain","Twin Strike+1"],"picked":"Sword Boomerang+1","floor":11.0},{"not_picked":["Thunderclap+1","Anger+1"],"picked":"Seeing Red","floor":12.0},{"not_picked":["Clash+1","Wild Strike+1"],"picked":"Combust","floor":13.0},{"not_picked":["Berserk","Limit Break"],"picked":"Bludgeon+1","floor":16.0},{"not_picked":["Rage","Infernal Blade"],"picked":"Battle Trance+1","floor":18.0},{"not_picked":["Dual Wield","Sever Soul+1","Heavy Blade+1"],"picked":"SKIP","floor":19.0},{"not_picked":["Shrug It Off","Clash+1"],"picked":"Body Slam+1","floor":22.0},{"not_picked":["Headbutt+1","Pommel Strike+1","Sever Soul+1"],"picked":"SKIP","floor":24.0},{"not_picked":["Clash+1","Iron Wave+1"],"picked":"Inflame","floor":27.0},{"not_picked":["Searing Blow+1","Pommel Strike+1","Perfected Strike+1"],"picked":"SKIP","floor":28.0},{"not_picked":["Bloodletting","Hemokinesis+1","Flex"],"picked":"Burning Pact+1","floor":30.0},{"not_picked":["Double Tap","Feed+1","Juggernaut"],"picked":"Offering","floor":33.0},{"not_picked":["Perfected Strike+1","Heavy Blade+1","Sword Boomerang+1"],"picked":"Flame Barrier","floor":35.0},{"not_picked":["Power Through","Sword Boomerang+1","Second Wind"],"picked":"Double Tap","floor":36.0},{"not_picked":["Perfected Strike+1","Headbutt+1","Heavy Blade+1"],"picked":"True Grit+1","floor":38.0},{"not_picked":["Perfected Strike+1","Twin Strike+1","Reckless Charge+1"],"picked":"Armaments+1","floor":39.0}],"player_experience":1331872,"relics_obtained":[{"floor":8.0,"key":"Bottled Lightning"},{"floor":9.0,"key":"Molten Egg 2"},{"floor":10.0,"key":"Paper Frog"},{"floor":13.0,"key":"Regal Pillow"},{"floor":24.0,"key":"Art of War"},{"floor":27.0,"key":"TungstenRod"},{"floor":36.0,"key":"Calipers"}],"event_choices":[{"damage_healed":0.0,"max_hp_gain":0.0,"max_hp_loss":0.0,"gold_gain":65.0,"event_name":"Golden Wing","player_choice":"Gained Gold","floor":14.0,"gold_loss":0.0,"damage_taken":0.0},{"damage_healed":0.0,"max_hp_gain":0.0,"max_hp_loss":0.0,"gold_gain":0.0,"event_name":"Match and Keep!","player_choice":"1 cards matched","floor":20.0,"gold_loss":0.0,"damage_taken":0.0,"cards_obtained":["Juggernaut"]},{"damage_healed":0.0,"max_hp_gain":0.0,"max_hp_loss":0.0,"gold_gain":0.0,"event_name":"The Mausoleum","player_choice":"Opened","floor":29.0,"gold_loss":0.0,"damage_taken":0.0,"relics_obtained":["Question Card"],"cards_obtained":["Writhe"]},{"damage_healed":0.0,"max_hp_gain":0.0,"max_hp_loss":0.0,"gold_gain":0.0,"event_name":"MindBloom","player_choice":"Fight","floor":36.0,"gold_loss":0.0,"damage_taken":0.0},{"damage_healed":0.0,"max_hp_gain":0.0,"max_hp_loss":0.0,"gold_gain":0.0,"event_name":"Duplicator","player_choice":"Copied","floor":37.0,"gold_loss":0.0,"damage_taken":0.0,"cards_obtained":["Bludgeon"]}],"is_beta":false,"boss_relics":[{"not_picked":["SacredBark","Runic Dome"],"picked":"Mark of Pain"},{"not_picked":["Busted Crown","Black Star"],"picked":"Philosopher\u0027s Stone"}],"items_purged_floors":[7,21],"is_endless":false,"potions_floor_spawned":[3,8,11,13,19,28,33,39],"killed_by":"Giant Head","ascension_level":20}