{"gold_per_floor":[218,230,240,17,31,65,80,96,121,121,152,5,32,52,52,152,152,162,177,33,53,69,69,103,103,103,103,3,3,31,48,48,148,148,165,165,183,198,216,216,231,231,231,74,121,121,121,141,141,141],"floor_reached":51,"playtime":9218,"items_purged":["Strike_G","Normality"],"score":711,"play_id":"50ee125c-f54a-4351-a52c-2d6b3f0dc9a5","local_time":"20200702095533","is_ascension_mode":false,"campfire_choices":[{"data":"Noxious Fumes","floor":15,"key":"SMITH"},{"data":"Footwork","floor":27,"key":"SMITH"},{"data":"Glass Knife","floor":29,"key":"SMITH"},{"data":"Neutralize","floor":32,"key":"SMITH"},{"data":"A Thousand Cuts","floor":40,"key":"SMITH"},{"data":"Wraith Form v2","floor":47,"key":"SMITH"},{"data":"Leg Sweep","floor":49,"key":"SMITH"}],"neow_cost":"NONE","seed_source_timestamp":341022487163532,"circlet_count":0,"master_deck":["Strike_G","Strike_G","Strike_G","Strike_G","Defend_G","Defend_G","Defend_G","Defend_G","Defend_G","Survivor","Neutralize+1","Dagger Spray","PiercingWail","Dagger Spray","Noxious Fumes+1","Footwork+1","Well Laid Plans","Finisher","A Thousand Cuts+1","Backflip","Footwork+1","Dodge and Roll","Leg Sweep+1","Glass Knife+1","Quick Slash","Backstab","Backflip+1","Sucker Punch","Night Terror","Crippling Poison+1","Flying Knee+1","Wraith Form v2+1","Dagger Spray+1","Shame","Injury"],"relics":["Ring of the Snake","TwistedFunnel","Gremlin Horn","Nunchaku","Meat on the Bone","Orichalcum","Cursed Key","Lee\u0027s Waffle","Boot","Incense Burner","Happy Flower","HoveringKite","Lizard Tail","Blood Vial","Vajra"],"potions_floor_usage":[13,14,18,21,22,30,35,39,48,50,50],"damage_taken":[{"damage":0,"enemies":"Jaw Worm","floor":1,"turns":6},{"damage":2,"enemies":"2 Louse","floor":2,"turns":3},{"damage":0,"enemies":"Cultist","floor":3,"turns":4},{"damage":4,"enemies":"Looter","floor":5,"turns":4},{"damage":12,"enemies":"Lagavulin","floor":6,"turns":8},{"damage":2,"enemies":"Lots of Slimes","floor":7,"turns":2},{"damage":7,"enemies":"Exordium Thugs","floor":8,"turns":4},{"damage":23,"enemies":"Gremlin Nob","floor":11,"turns":5},{"damage":5,"enemies":"Lagavulin","floor":13,"turns":8},{"damage":2,"enemies":"Red Slaver","floor":14,"turns":6},{"damage":20,"enemies":"Slime Boss","floor":16,"turns":13},{"damage":18,"enemies":"Spheric Guardian","floor":18,"turns":5},{"damage":10,"enemies":"3 Byrds","floor":19,"turns":3},{"damage":13,"enemies":"Snake Plant","floor":21,"turns":7},{"damage":9,"enemies":"Centurion and Healer","floor":22,"turns":4},{"damage":9,"enemies":"Gremlin Leader","floor":24,"turns":7},{"damage":6,"enemies":"Slavers","floor":30,"turns":4},{"damage":0,"enemies":"3 Cultists","floor":31,"turns":5},{"damage":14,"enemies":"Automaton","floor":33,"turns":9},{"damage":12,"enemies":"3 Darklings","floor":35,"turns":4},{"damage":1,"enemies":"Orb Walker","floor":37,"turns":3},{"damage":6,"enemies":"Spire Growth","floor":38,"turns":7},{"damage":11,"enemies":"3 Darklings","floor":39,"turns":4},{"damage":0,"enemies":"Transient","floor":41,"turns":5},{"damage":0,"enemies":"Writhing Mass","floor":48,"turns":7},{"damage":109,"enemies":"Awakened One","floor":50,"turns":18}],"seed_played":"713507062269914826","potions_obtained":[{"floor":5,"key":"Poison Potion"},{"floor":6,"key":"Ancient Potion"},{"floor":11,"key":"Energy Potion"},{"floor":13,"key":"GamblersBrew"},{"floor":16,"key":"LiquidBronze"},{"floor":19,"key":"Ancient Potion"},{"floor":21,"key":"Poison Potion"},{"floor":22,"key":"Energy Potion"},{"floor":35,"key":"Weak Potion"},{"floor":38,"key":"Weak Potion"},{"floor":39,"key":"Dexterity Potion"}],"is_trial":false,"path_per_floor":["M","M","M","$","M","E","M","M","T","?","E","$","E","M","R","B",null,"M","M","$","M","M","?","E","?","T","R","$","R","E","M","R","B",null,"M","?","M","M","M","R","M","?","T","$","T","$","R","M","R","B",null],"character_chosen":"THE_SILENT","items_purchased":["TwistedFunnel","Noxious Fumes","Footwork","Lee\u0027s Waffle","Blood Vial"],"campfire_rested":0,"item_purchase_floors":[4,4,12,20,44],"current_hp_per_floor":[70,68,68,68,64,52,50,43,43,48,25,25,32,42,42,34,75,57,47,82,69,60,44,47,47,47,47,47,47,53,53,53,51,87,75,75,74,68,57,57,57,57,57,57,57,57,57,59,59,13],"gold":141,"neow_bonus":"HUNDRED_GOLD","is_prod":false,"is_daily":false,"chose_seed":false,"campfire_upgraded":7,"win_rate":0.0,"timestamp":1593701733,"path_taken":["M","M","M","$","M","E","M","M","T","?","E","$","E","M","R","BOSS","M","M","$","M","M","?","E","?","T","R","$","R","E","?","R","BOSS","M","?","?","M","M","R","M","?","T","$","?","$","R","M","R","BOSS"],"build_version":"2020-01-27","purchased_purges":2,"victory":true,"max_hp_per_floor":[70,70,70,70,70,70,70,70,70,75,75,75,75,75,75,75,75,75,75,82,82,82,87,87,87,87,87,87,87,87,87,87,87,87,87,87,87,87,87,87,87,87,87,87,87,87,87,87,87,87],"card_choices":[{"not_picked":["Deadly Poison","Slice"],"picked":"Dagger Spray","floor":1},{"not_picked":["Deflect","Escape Plan"],"picked":"PiercingWail","floor":2},{"not_picked":["Prepared","Slice"],"picked":"Dagger Spray","floor":3},{"not_picked":["Blade Dance","Backflip"],"picked":"Footwork","floor":5},{"not_picked":["Quick Slash","Distraction"],"picked":"Well Laid Plans","floor":6},{"not_picked":["Well Laid Plans","Underhanded Strike"],"picked":"Finisher","floor":7},{"not_picked":["Choke","Endless Agony"],"picked":"A Thousand Cuts","floor":8},{"not_picked":["Die Die Die","Poisoned Stab"],"picked":"Backflip","floor":11},{"not_picked":["Expertise","Bouncing Flask"],"picked":"Dodge and Roll","floor":13},{"not_picked":["Dodge and Roll","Dagger Throw"],"picked":"Leg Sweep","floor":14},{"not_picked":["Doppelganger","Burst"],"picked":"Glass Knife","floor":16},{"not_picked":["Prepared+1","Slice"],"picked":"Quick Slash","floor":18},{"not_picked":["Prepared","Slice+1"],"picked":"Backstab","floor":19},{"not_picked":["Acrobatics","Quick Slash"],"picked":"Backflip+1","floor":21},{"not_picked":["Riddle With Holes","All Out Attack"],"picked":"Sucker Punch","floor":22},{"not_picked":["Heel Hook","Phantasmal Killer"],"picked":"Night Terror","floor":24},{"not_picked":["Infinite Blades+1","Deadly Poison"],"picked":"Crippling Poison+1","floor":30},{"not_picked":["Dodge and Roll","Outmaneuver"],"picked":"Flying Knee+1","floor":31},{"not_picked":["Tools of the Trade","Bullet Time"],"picked":"Wraith Form v2","floor":33},{"not_picked":["Acrobatics+1","Deadly Poison+1","Caltrops"],"picked":"SKIP","floor":35},{"not_picked":["Outmaneuver","Flying Knee"],"picked":"Dagger Spray+1","floor":37},{"not_picked":["Dagger Spray+1","Outmaneuver","Tactician+1"],"picked":"SKIP","floor":38},{"not_picked":["Dagger Throw+1","All Out Attack","Flying Knee"],"picked":"SKIP","floor":39},{"not_picked":["Underhanded Strike+1","Dagger Spray+1","Quick Slash+1"],"picked":"SKIP","floor":41},{"not_picked":["Flying Knee+1","Skewer","All Out Attack"],"picked":"SKIP","floor":48}],"player_experience":16301,"relics_obtained":[{"floor":6,"key":"Gremlin Horn"},{"floor":9,"key":"Nunchaku"},{"floor":11,"key":"Meat on the Bone"},{"floor":13,"key":"Orichalcum"},{"floor":24,"key":"Boot"},{"floor":26,"key":"Incense Burner"},{"floor":30,"key":"Happy Flower"},{"floor":43,"key":"Lizard Tail"},{"floor":45,"key":"Vajra"}],"event_choices":[{"damage_healed":0,"gold_gain":0,"player_choice":"Donut","damage_taken":0,"max_hp_gain":5,"max_hp_loss":0,"event_name":"Big Fish","floor":10,"gold_loss":0},{"damage_healed":0,"gold_gain":0,"player_choice":"Shed Blood","damage_taken":21,"max_hp_gain":5,"max_hp_loss":0,"event_name":"Forgotten Altar","floor":23,"gold_loss":0},{"damage_healed":0,"gold_gain":0,"player_choice":"Upgraded","damage_taken":0,"max_hp_gain":0,"max_hp_loss":0,"event_name":"Upgrade Shrine","floor":25,"gold_loss":0,"cards_upgraded":["Footwork"]},{"damage_healed":0,"gold_gain":0,"player_choice":"Bought 0 Potions","damage_taken":0,"max_hp_gain":0,"max_hp_loss":0,"event_name":"The Woman in Blue","floor":36,"gold_loss":0},{"damage_healed":0,"gold_gain":0,"player_choice":"Memory 1","damage_taken":0,"max_hp_gain":0,"max_hp_loss":0,"event_name":"SensoryStone","floor":42,"gold_loss":0}],"is_beta":false,"boss_relics":[{"not_picked":["Black Star","Snecko Eye"],"picked":"Cursed Key"},{"not_picked":["Coffee Dripper","Calling Bell"],"picked":"HoveringKite"}],"items_purged_floors":[12,28],"is_endless":false,"potions_floor_spawned":[5,6,11,13,16,19,21,22,35,38,39],"ascension_level":0}