{"gold_per_floor":[113,125,142,152,166,200,200,200,278,278,278,301,317,360,360,483,483,508,508,526,544,565,598,598,639,665,665],"floor_reached":27,"playtime":8381,"items_purged":[],"score":267,"play_id":"afd88ede-8c57-4194-8dc8-431b8b244c0b","local_time":"20200702072049","is_ascension_mode":false,"campfire_choices":[{"data":"Footwork","floor":7,"key":"SMITH"},{"data":"Noxious Fumes","floor":10,"key":"SMITH"},{"data":"Neutralize","floor":15,"key":"SMITH"},{"floor":24,"key":"REST"}],"neow_cost":"NONE","seed_source_timestamp":332606202590585,"circlet_count":0,"master_deck":["Strike_G","Strike_G","Defend_G","Defend_G","Defend_G","Defend_G","Survivor","Neutralize+1","Footwork+1","Quick Slash","Noxious Fumes+1","Dagger Spray","Dash","Dodge and Roll","Sucker Punch","Wraith Form v2","Adrenaline+1","Slice+1","Doppelganger+1","Dash","Sucker Punch","Poisoned Stab+1","Acrobatics","A Thousand Cuts"],"relics":["Ring of the Snake","Eternal Feather","Gremlin Horn","Golden Idol","Calipers","Astrolabe","Juzu Bracelet","FossilizedHelix","Toy Ornithopter"],"potions_floor_usage":[6,25,27],"damage_taken":[{"damage":0,"enemies":"Jaw Worm","floor":1,"turns":4},{"damage":0,"enemies":"Cultist","floor":2,"turns":4},{"damage":0,"enemies":"2 Louse","floor":3,"turns":3},{"damage":12,"enemies":"Exordium Thugs","floor":4,"turns":7},{"damage":5,"enemies":"Large Slime","floor":5,"turns":9},{"damage":13,"enemies":"3 Sentries","floor":6,"turns":9},{"damage":7,"enemies":"Looter","floor":12,"turns":5},{"damage":4,"enemies":"3 Louse","floor":13,"turns":2},{"damage":10,"enemies":"Gremlin Nob","floor":14,"turns":6},{"damage":32,"enemies":"Hexaghost","floor":16,"turns":13},{"damage":18,"enemies":"3 Byrds","floor":18,"turns":5},{"damage":14,"enemies":"Spheric Guardian","floor":20,"turns":6},{"damage":4,"enemies":"Snake Plant","floor":21,"turns":6},{"damage":10,"enemies":"Centurion and Healer","floor":22,"turns":7},{"damage":15,"enemies":"Book of Stabbing","floor":23,"turns":7},{"damage":37,"enemies":"Slavers","floor":25,"turns":7},{"damage":19,"enemies":"Book of Stabbing","floor":27,"turns":3}],"seed_played":"-3608032262696012828","potions_obtained":[{"floor":3,"key":"Swift Potion"},{"floor":5,"key":"Regen Potion"},{"floor":6,"key":"LiquidMemories"},{"floor":13,"key":"Strength Potion"},{"floor":14,"key":"Block Potion"},{"floor":18,"key":"SpeedPotion"},{"floor":25,"key":"Ancient Potion"}],"is_trial":false,"path_per_floor":["M","M","M","M","M","E","R","?","T","R","?","M","M","E","R","B",null,"M","?","M","M","M","E","R","E","T","E"],"character_chosen":"THE_SILENT","items_purchased":[],"campfire_rested":1,"item_purchase_floors":[],"current_hp_per_floor":[77,77,77,65,60,62,71,71,71,77,58,51,47,37,46,14,77,59,59,45,41,31,16,51,14,14,0],"gold":665,"neow_bonus":"TEN_PERCENT_HP_BONUS","is_prod":false,"is_daily":false,"chose_seed":false,"campfire_upgraded":3,"win_rate":0.0,"timestamp":1593692449,"path_taken":["M","M","M","M","M","E","R","?","T","R","?","M","M","E","R","BOSS","M","?","M","M","M","E","R","E","T","E"],"build_version":"2020-01-27","purchased_purges":0,"victory":false,"max_hp_per_floor":[77,77,77,77,77,77,77,77,77,77,77,77,77,77,77,77,77,77,77,77,77,77,77,77,77,77,77],"card_choices":[{"not_picked":["Deadly Poison","Quick Slash"],"picked":"Footwork","floor":1},{"not_picked":["Dagger Throw","Deflect"],"picked":"Quick Slash","floor":2},{"not_picked":["Well Laid Plans","Blur"],"picked":"Noxious Fumes","floor":3},{"not_picked":["PiercingWail","Prepared","Deadly Poison"],"picked":"SKIP","floor":4},{"not_picked":["Deadly Poison","Acrobatics","Underhanded Strike"],"picked":"SKIP","floor":5},{"not_picked":["All Out Attack","Slice"],"picked":"Dagger Spray","floor":6},{"not_picked":["Backstab","Riddle With Holes"],"picked":"Dash","floor":12},{"not_picked":["Infinite Blades","PiercingWail"],"picked":"Dodge and Roll","floor":13},{"not_picked":["Bouncing Flask","Dagger Spray"],"picked":"Sucker Punch","floor":14},{"not_picked":["Tools of the Trade","Bullet Time"],"picked":"Wraith Form v2","floor":16},{"not_picked":["PiercingWail+1","Deadly Poison"],"picked":"Dash","floor":18},{"not_picked":["Blade Dance","Deadly Poison"],"picked":"Sucker Punch","floor":20},{"not_picked":["Underhanded Strike","Outmaneuver"],"picked":"Poisoned Stab+1","floor":21},{"not_picked":["Bouncing Flask","Blade Dance","Masterful Stab"],"picked":"SKIP","floor":22},{"not_picked":["Endless Agony","Dash+1"],"picked":"Acrobatics","floor":23},{"not_picked":["Dash","Flechettes"],"picked":"A Thousand Cuts","floor":25}],"player_experience":7920,"relics_obtained":[{"floor":6,"key":"Eternal Feather"},{"floor":9,"key":"Gremlin Horn"},{"floor":14,"key":"Calipers"},{"floor":23,"key":"Juzu Bracelet"},{"floor":25,"key":"FossilizedHelix"},{"floor":26,"key":"Toy Ornithopter"}],"event_choices":[{"cards_removed":["Strike_G"],"damage_healed":0,"gold_gain":0,"player_choice":"Forget","damage_taken":0,"max_hp_gain":0,"max_hp_loss":0,"event_name":"Living Wall","floor":8,"gold_loss":0},{"damage_healed":0,"gold_gain":0,"player_choice":"Take Damage","damage_taken":19,"relics_obtained":["Golden Idol"],"max_hp_gain":0,"max_hp_loss":0,"event_name":"Golden Idol","floor":11,"gold_loss":0},{"damage_healed":0,"gold_gain":0,"player_choice":"Bought 0 Potions","damage_taken":0,"max_hp_gain":0,"max_hp_loss":0,"event_name":"The Woman in Blue","floor":19,"gold_loss":0}],"is_beta":false,"boss_relics":[{"not_picked":["Fusion Hammer","Sozu"],"picked":"Astrolabe"}],"items_purged_floors":[],"is_endless":false,"potions_floor_spawned":[3,5,6,13,14,18,22,25],"killed_by":"Book of Stabbing","ascension_level":0}