{"gold_per_floor":[114,131,56,75,89,109,120,20,43,43,69,89,124,142,142,237,237,256,94,109,127,141,170,170,181,205,205,305,44,44,54,54,159,159,176,191,191,191,38,38,38,38,38,54,54,69,69,18,18,18],"floor_reached":51,"playtime":4616,"items_purged":["Strike_G","Defend_G","Strike_G"],"score":656,"play_id":"eb6eb170-7e4d-4759-a7f6-1790a6c4d17f","local_time":"20200703095921","is_ascension_mode":false,"campfire_choices":[{"data":"Dagger Spray","floor":10,"key":"SMITH"},{"data":"Dodge and Roll","floor":15,"key":"SMITH"},{"data":"Footwork","floor":27,"key":"SMITH"},{"floor":32,"key":"REST"},{"floor":40,"key":"REST"},{"floor":42,"key":"REST"},{"floor":49,"key":"REST"}],"neow_cost":"NONE","seed_source_timestamp":411203757402913,"circlet_count":0,"master_deck":["Strike_G+1","Strike_G+1","Defend_G+1","Defend_G+1","Defend_G+1","Survivor+1","Neutralize+1","Dagger Spray+1","Dodge and Roll+1","Quick Slash+1","Well Laid Plans+1","After Image+1","Corpse Explosion+1","Terror+1","Poisoned Stab+1","Dodge and Roll+1","A Thousand Cuts+1","Catalyst+1","Noxious Fumes+1","Deadly Poison+1","Predator+1","Quick Slash+1","Footwork+1","Magnetism+1","Noxious Fumes+1","Die Die Die+1","Blade Dance+1","Dark Shackles+1","Iron Wave"],"relics":["Ring of the Snake","Toy Ornithopter","Incense Burner","Strawberry","Busted Crown","Centennial Puzzle","Happy Flower","WingedGreaves","Meat on the Bone","Fusion Hammer","Lantern","Mark of the Bloom","Paper Crane"],"potions_floor_usage":[7,12,12,20,22,23,28,28,31,50,50,50],"damage_taken":[{"damage":0,"enemies":"Jaw Worm","floor":1,"turns":7},{"damage":0,"enemies":"2 Louse","floor":2,"turns":2},{"damage":2,"enemies":"Small Slimes","floor":4,"turns":3},{"damage":5,"enemies":"Blue Slaver","floor":5,"turns":5},{"damage":0,"enemies":"3 Louse","floor":6,"turns":3},{"damage":7,"enemies":"Exordium Thugs","floor":7,"turns":6},{"damage":21,"enemies":"Gremlin Nob","floor":11,"turns":6},{"damage":2,"enemies":"Blue Slaver","floor":12,"turns":5},{"damage":8,"enemies":"Lagavulin","floor":13,"turns":7},{"damage":1,"enemies":"Gremlin Gang","floor":14,"turns":3},{"damage":13,"enemies":"Hexaghost","floor":16,"turns":10},{"damage":0,"enemies":"3 Byrds","floor":18,"turns":3},{"damage":0,"enemies":"Shell Parasite","floor":20,"turns":2},{"damage":15,"enemies":"Cultist and Chosen","floor":21,"turns":6},{"damage":17,"enemies":"Snecko","floor":22,"turns":5},{"damage":22,"enemies":"Book of Stabbing","floor":23,"turns":5},{"damage":17,"enemies":"3 Cultists","floor":25,"turns":5},{"damage":13,"enemies":"Colosseum Slavers","floor":28,"turns":3},{"damage":5,"enemies":"Colosseum Nobs","floor":28,"turns":4},{"damage":0,"enemies":"Centurion and Healer","floor":31,"turns":4},{"damage":28,"enemies":"Collector","floor":33,"turns":7},{"damage":20,"enemies":"3 Darklings","floor":35,"turns":4},{"damage":7,"enemies":"3 Shapes","floor":36,"turns":3},{"damage":0,"enemies":"Transient","floor":44,"turns":5},{"damage":10,"enemies":"4 Shapes","floor":46,"turns":3},{"damage":3,"enemies":"Donu and Deca","floor":50,"turns":6}],"seed_played":"869095253759135433","potions_obtained":[{"floor":6,"key":"SpeedPotion"},{"floor":7,"key":"DuplicationPotion"},{"floor":12,"key":"Fruit Juice"},{"floor":14,"key":"Strength Potion"},{"floor":16,"key":"DuplicationPotion"},{"floor":20,"key":"SteroidPotion"},{"floor":21,"key":"LiquidBronze"},{"floor":25,"key":"SpeedPotion"},{"floor":28,"key":"Block Potion"},{"floor":33,"key":"BlessingOfTheForge"},{"floor":44,"key":"SneckoOil"},{"floor":46,"key":"ColorlessPotion"}],"is_trial":false,"path_per_floor":["M","M","$","M","M","M","M","$","T","R","E","M","E","M","R","B",null,"M","$","M","M","M","E","?","M","T","R","?","$","$","M","R","B",null,"M","M","?","?","$","R","?","R","T","M","?","M","?","$","R","B",null],"character_chosen":"THE_SILENT","items_purchased":["Noxious Fumes","Magnetism","Noxious Fumes","Lantern","Dexterity Potion"],"campfire_rested":4,"item_purchase_floors":[19,29,29,39,48],"current_hp_per_floor":[70,70,70,68,63,63,56,56,56,56,35,48,47,46,46,33,82,82,82,82,67,55,38,38,21,21,21,13,13,13,30,54,38,82,62,55,55,55,55,79,79,79,79,79,79,69,69,69,69,66],"gold":18,"neow_bonus":"REMOVE_CARD","is_prod":false,"is_daily":false,"chose_seed":false,"campfire_upgraded":3,"win_rate":0,"timestamp":1593788361,"path_taken":["M","M","$","M","M","M","M","$","T","R","E","M","E","M","R","BOSS","M","$","M","M","M","E","?","M","T","R","?","?","$","M","R","BOSS","M","M","?","?","$","R","?","R","T","?","?","?","?","?","R","BOSS"],"build_version":"2020-01-27","purchased_purges":3,"victory":true,"max_hp_per_floor":[70,70,70,70,70,70,70,70,70,70,70,75,82,82,82,82,82,82,82,82,82,82,82,82,82,82,82,82,82,82,82,82,82,82,82,82,82,82,82,82,82,82,82,82,82,82,78,78,78,78],"card_choices":[{"not_picked":["Tactician","Expertise"],"picked":"Dagger Spray","floor":1},{"not_picked":["Reflex","Outmaneuver"],"picked":"Dodge and Roll","floor":2},{"not_picked":["Deflect","Eviscerate","Reflex"],"picked":"SKIP","floor":4},{"not_picked":["Dodge and Roll","Caltrops"],"picked":"Quick Slash","floor":5},{"not_picked":["Acrobatics","Calculated Gamble"],"picked":"Well Laid Plans","floor":6},{"not_picked":["Slice","Acrobatics"],"picked":"After Image","floor":7},{"not_picked":["Prepared","Deflect"],"picked":"Corpse Explosion","floor":11},{"not_picked":["Prepared","Expertise"],"picked":"Terror","floor":12},{"not_picked":["Blade Dance","Corpse Explosion"],"picked":"Poisoned Stab","floor":13},{"not_picked":["Outmaneuver","Deflect"],"picked":"Dodge and Roll","floor":14},{"not_picked":["Bullet Time","Unload"],"picked":"A Thousand Cuts","floor":16},{"not_picked":[],"picked":"Catalyst+1","floor":18},{"not_picked":[],"picked":"Deadly Poison","floor":20},{"not_picked":[],"picked":"Predator+1","floor":21},{"not_picked":["Predator+1"],"picked":"SKIP","floor":22},{"not_picked":[],"picked":"Quick Slash","floor":23},{"not_picked":["Tactician"],"picked":"SKIP","floor":25},{"not_picked":["Blur"],"picked":"SKIP","floor":31},{"not_picked":[],"picked":"Die Die Die","floor":33},{"not_picked":["Reflex+1"],"picked":"SKIP","floor":35},{"not_picked":[],"picked":"Blade Dance+1","floor":36},{"not_picked":[],"picked":"Dark Shackles","floor":38},{"not_picked":["Outmaneuver"],"picked":"SKIP","floor":44},{"not_picked":["Underhanded Strike"],"picked":"SKIP","floor":46}],"player_experience":29331,"relics_obtained":[{"floor":9,"key":"Toy Ornithopter"},{"floor":11,"key":"Incense Burner"},{"floor":13,"key":"Strawberry"},{"floor":23,"key":"Centennial Puzzle"},{"floor":26,"key":"Happy Flower"},{"floor":28,"key":"WingedGreaves"},{"floor":28,"key":"Meat on the Bone"},{"floor":43,"key":"Paper Crane"}],"event_choices":[{"damage_healed":0,"gold_gain":0,"player_choice":"Read","damage_taken":0,"max_hp_gain":0,"max_hp_loss":0,"event_name":"The Library","floor":24,"gold_loss":0,"cards_obtained":["Footwork"]},{"damage_healed":0,"gold_gain":0,"player_choice":"Fight","damage_taken":0,"max_hp_gain":0,"max_hp_loss":0,"event_name":"Colosseum","floor":28,"gold_loss":0},{"damage_healed":0,"gold_gain":0,"player_choice":"Fought Nobs","damage_taken":0,"max_hp_gain":0,"max_hp_loss":0,"event_name":"Colosseum","floor":28,"gold_loss":0},{"damage_healed":0,"gold_gain":0,"player_choice":"Ignored","damage_taken":0,"max_hp_gain":0,"max_hp_loss":0,"event_name":"Tomb of Lord Red Mask","floor":37,"gold_loss":0},{"damage_healed":0,"gold_gain":0,"player_choice":"Memory 1","damage_taken":0,"max_hp_gain":0,"max_hp_loss":0,"event_name":"SensoryStone","floor":38,"gold_loss":0},{"damage_healed":0,"gold_gain":0,"player_choice":"Upgrade","damage_taken":0,"relics_obtained":["Mark of the Bloom"],"max_hp_gain":0,"max_hp_loss":0,"event_name":"MindBloom","floor":41,"gold_loss":0,"cards_upgraded":["Strike_G","Strike_G","Defend_G","Defend_G","Defend_G","Defend_G","Survivor","Neutralize","Dodge and Roll","Quick Slash","Well Laid Plans","After Image","Corpse Explosion","Terror","Poisoned Stab","A Thousand Cuts","Noxious Fumes","Deadly Poison","Quick Slash","Magnetism","Noxious Fumes","Die Die Die","Dark Shackles"]},{"cards_removed":["Defend_G"],"damage_healed":0,"gold_gain":0,"player_choice":"Took Card","damage_taken":0,"max_hp_gain":0,"max_hp_loss":0,"event_name":"NoteForYourself","floor":45,"gold_loss":0,"cards_obtained":["Iron Wave"]},{"damage_healed":0,"gold_gain":0,"player_choice":"Max HP","damage_taken":0,"max_hp_gain":0,"max_hp_loss":4,"event_name":"Winding Halls","floor":47,"gold_loss":0}],"is_beta":false,"boss_relics":[{"not_picked":["Coffee Dripper","Runic Pyramid"],"picked":"Busted Crown"},{"not_picked":["Runic Dome","Ring of the Serpent"],"picked":"Fusion Hammer"}],"items_purged_floors":[3,8,19],"is_endless":false,"potions_floor_spawned":[6,7,12,14,16,20,21,25,28,33,44,46],"ascension_level":0}