{"gold_per_floor":[119,129,140,152,162,162,181,213,225,264,276,303,335,363,375,488,500,512],"floor_reached":18,"playtime":3812,"items_purged":[],"score":178,"play_id":"e7b5016b-068e-40c8-ac35-bbcb624b49e2","local_time":"20200703084004","is_ascension_mode":false,"campfire_choices":[{"data":"All Out Attack","floor":6,"key":"SMITH"},{"floor":15,"key":"REST"}],"neow_cost":"CURSE","seed_source_timestamp":407266280258440,"circlet_count":0,"master_deck":["Strike_G","Strike_G","Strike_G","Strike_G","Defend_G","Defend_G","Defend_G","Defend_G","Survivor","Neutralize","Writhe","Bouncing Flask","Acrobatics","Dagger Throw","Sucker Punch","All Out Attack+1","Dagger Throw","Dodge and Roll","Backflip","Backflip","Footwork","Catalyst","Dagger Spray","After Image"],"relics":["Ring of the Snake","MawBank","Thread and Needle","CaptainsWheel","Runic Pyramid"],"potions_floor_usage":[5,16],"damage_taken":[{"damage":0,"enemies":"2 Louse","floor":1,"turns":3},{"damage":1,"enemies":"Cultist","floor":2,"turns":4},{"damage":0,"enemies":"Small Slimes","floor":3,"turns":3},{"damage":12,"enemies":"3 Louse","floor":4,"turns":3},{"damage":12,"enemies":"Exordium Thugs","floor":5,"turns":4},{"damage":1,"enemies":"2 Fungi Beasts","floor":7,"turns":3},{"damage":11,"enemies":"Lagavulin","floor":8,"turns":6},{"damage":26,"enemies":"Gremlin Nob","floor":10,"turns":5},{"damage":0,"enemies":"Exordium Wildlife","floor":12,"turns":3},{"damage":0,"enemies":"Looter","floor":13,"turns":4},{"damage":0,"enemies":"Red Slaver","floor":14,"turns":4},{"damage":21,"enemies":"Hexaghost","floor":16,"turns":11},{"damage":71,"enemies":"Spheric Guardian","floor":18,"turns":8}],"seed_played":"7965744669524248400","potions_obtained":[{"floor":1,"key":"AttackPotion"},{"floor":2,"key":"BlessingOfTheForge"},{"floor":10,"key":"ColorlessPotion"},{"floor":11,"key":"DuplicationPotion"},{"floor":16,"key":"ColorlessPotion"}],"is_trial":false,"path_per_floor":["M","M","M","M","M","R","M","E","T","E","?","M","M","M","R","B",null,"M"],"character_chosen":"THE_SILENT","items_purchased":[],"campfire_rested":1,"item_purchase_floors":[],"current_hp_per_floor":[70,69,69,57,45,45,44,33,33,7,7,7,7,7,28,7,70,0],"gold":512,"neow_bonus":"TRANSFORM_TWO_CARDS","is_prod":false,"is_daily":false,"chose_seed":false,"campfire_upgraded":1,"win_rate":0,"timestamp":1593783604,"path_taken":["M","M","M","M","M","R","M","E","T","E","?","M","M","?","R","BOSS","M"],"build_version":"2020-01-27","purchased_purges":0,"victory":false,"max_hp_per_floor":[70,70,70,70,70,70,70,70,70,70,70,70,70,70,70,70,70,70],"card_choices":[{"not_picked":["Masterful Stab","Sucker Punch"],"picked":"Dagger Throw","floor":1},{"not_picked":["Bouncing Flask","Calculated Gamble"],"picked":"Sucker Punch","floor":2},{"not_picked":["Masterful Stab","Acrobatics"],"picked":"All Out Attack","floor":3},{"not_picked":["Dodge and Roll","Slice"],"picked":"Dagger Throw","floor":4},{"not_picked":["Outmaneuver","Blade Dance","Dagger Throw"],"picked":"SKIP","floor":5},{"not_picked":["Prepared","Slice"],"picked":"Dodge and Roll","floor":7},{"not_picked":["Blur","Bullet Time"],"picked":"Backflip","floor":8},{"not_picked":["Escape Plan","Poisoned Stab"],"picked":"Backflip","floor":10},{"not_picked":["Distraction","Poisoned Stab"],"picked":"Footwork","floor":12},{"not_picked":["Skewer","Bouncing Flask"],"picked":"Catalyst","floor":13},{"not_picked":["Backflip","Expertise"],"picked":"Dagger Spray","floor":14},{"not_picked":["Die Die Die","Night Terror"],"picked":"After Image","floor":16}],"player_experience":25519,"relics_obtained":[{"floor":8,"key":"MawBank"},{"floor":9,"key":"Thread and Needle"},{"floor":10,"key":"CaptainsWheel"}],"event_choices":[{"damage_healed":0,"gold_gain":0,"player_choice":"Got Potions","damage_taken":0,"max_hp_gain":0,"max_hp_loss":0,"event_name":"Lab","floor":11,"gold_loss":0}],"is_beta":false,"boss_relics":[{"not_picked":["Runic Dome","Fusion Hammer"],"picked":"Runic Pyramid"}],"items_purged_floors":[],"is_endless":false,"potions_floor_spawned":[1,2,10,13,14,16],"killed_by":"Spheric Guardian","ascension_level":0}