{"gold_per_floor":[363,376,53,63,77,103,103,135,135,182,182,192,292,303,303,400,400,416,416,416,435,101,101,113,127,127,127,140,140,168,179,179,283,283,302,318,318,318,124,155,155,180,258,271,282,0,0,0,0,0],"floor_reached":51,"playtime":4098,"items_purged":["Defend_G","Strike_G","Strike_G"],"score":863,"play_id":"a3a3bfae-29a5-4759-be51-22d37e1175e4","local_time":"20200704053306","is_ascension_mode":true,"campfire_choices":[{"data":"Backflip","floor":7,"key":"SMITH"},{"data":"Malaise","floor":11,"key":"SMITH"},{"data":"Dash","floor":15,"key":"SMITH"},{"data":"Footwork","floor":23,"key":"SMITH"},{"data":"Footwork","floor":29,"key":"SMITH"},{"data":"Adrenaline","floor":32,"key":"SMITH"},{"data":"1","floor":41,"key":"LIFT"},{"data":"2","floor":47,"key":"LIFT"},{"data":"3","floor":49,"key":"LIFT"}],"neow_cost":"PERCENT_DAMAGE","seed_source_timestamp":482149273933428,"circlet_count":0,"master_deck":["Strike_G","Strike_G","Strike_G","Defend_G","Defend_G","Defend_G","Defend_G","Survivor","Neutralize","Dash+1","All Out Attack+1","Backflip+1","Dagger Throw+1","Malaise+1","Quick Slash+1","Sucker Punch+1","Adrenaline+1","Dagger Spray+1","Footwork+1","Predator+1","Footwork+1","Backstab+1","After Image","Dodge and Roll+1","HandOfGreed+1","Terror","Dagger Spray+1"],"relics":["Ring of the Snake","Molten Egg 2","Eternal Feather","Pen Nib","Shuriken","Ancient Tea Set","Coffee Dripper","Calipers","Enchiridion","TwistedFunnel","Pear","Girya","Velvet Choker","Matryoshka","Anchor","Juzu Bracelet","InkBottle","Red Mask"],"potions_floor_usage":[6,16,33,36,40,50,50],"damage_taken":[{"damage":7,"enemies":"Cultist","floor":1,"turns":4},{"damage":9,"enemies":"Jaw Worm","floor":2,"turns":4},{"damage":0,"enemies":"2 Louse","floor":4,"turns":2},{"damage":0,"enemies":"Exordium Wildlife","floor":5,"turns":3},{"damage":8,"enemies":"3 Sentries","floor":6,"turns":5},{"damage":13,"enemies":"Lagavulin","floor":8,"turns":8},{"damage":1,"enemies":"Looter","floor":12,"turns":2},{"damage":6,"enemies":"3 Louse","floor":14,"turns":3},{"damage":25,"enemies":"The Guardian","floor":16,"turns":10},{"damage":3,"enemies":"Spheric Guardian","floor":18,"turns":5},{"damage":0,"enemies":"3 Byrds","floor":21,"turns":3},{"damage":0,"enemies":"Snake Plant","floor":24,"turns":3},{"damage":0,"enemies":"Cultist and Chosen","floor":25,"turns":4},{"damage":0,"enemies":"3 Cultists","floor":28,"turns":3},{"damage":5,"enemies":"Slavers","floor":30,"turns":4},{"damage":0,"enemies":"Snecko","floor":31,"turns":3},{"damage":0,"enemies":"Automaton","floor":33,"turns":7},{"damage":0,"enemies":"3 Shapes","floor":35,"turns":3},{"damage":1,"enemies":"Orb Walker","floor":36,"turns":4},{"damage":3,"enemies":"Nemesis","floor":40,"turns":7},{"damage":0,"enemies":"Giant Head","floor":42,"turns":7},{"damage":0,"enemies":"Sphere and 2 Shapes","floor":44,"turns":3},{"damage":9,"enemies":"Spire Growth","floor":45,"turns":4},{"damage":21,"enemies":"Donu and Deca","floor":50,"turns":6}],"seed_played":"5221901847640061415","potions_obtained":[{"floor":1,"key":"GamblersBrew"},{"floor":2,"key":"BlessingOfTheForge"},{"floor":18,"key":"EssenceOfSteel"},{"floor":28,"key":"BlessingOfTheForge"},{"floor":33,"key":"CunningPotion"},{"floor":35,"key":"BlessingOfTheForge"},{"floor":45,"key":"LiquidBronze"}],"is_trial":false,"path_per_floor":["M","M","$","M","M","E","R","E","T","T","R","M","?","M","R","B",null,"M","T","?","M","$","R","M","M","T","?","M","R","E","M","R","B",null,"M","M","?","?","$","E","R","E","T","M","M","?","R","$","R","B",null],"character_chosen":"THE_SILENT","items_purchased":["Molten Egg 2","TwistedFunnel","Footwork","Terror"],"campfire_rested":0,"item_purchase_floors":[3,22,22,39],"current_hp_per_floor":[42,33,33,33,33,25,34,21,21,21,30,29,29,23,32,7,70,67,67,51,51,51,63,63,63,73,73,73,80,75,75,80,80,80,80,79,76,76,76,73,76,76,76,76,67,67,76,76,76,55],"gold":0,"neow_bonus":"TWO_FIFTY_GOLD","is_prod":false,"is_daily":false,"chose_seed":false,"campfire_upgraded":6,"win_rate":0,"timestamp":1593858786,"path_taken":["M","M","$","M","M","E","R","E","T","?","R","M","?","M","R","BOSS","M","?","?","M","$","R","M","M","T","?","M","R","E","M","R","BOSS","M","M","?","?","$","E","R","E","T","M","M","?","R","?","R","BOSS"],"build_version":"2020-01-27","purchased_purges":3,"victory":true,"max_hp_per_floor":[70,70,70,70,70,70,70,70,70,70,70,70,70,70,70,70,70,70,70,70,70,70,70,70,70,80,80,80,80,80,80,80,80,80,80,80,76,76,76,76,76,76,76,76,76,76,76,76,76,76],"card_choices":[{"not_picked":["Flechettes","Escape Plan","Predator"],"picked":"SKIP","floor":1},{"not_picked":["Eviscerate","Finisher"],"picked":"Dash","floor":2},{"not_picked":["Slice+1","Escape Plan"],"picked":"All Out Attack+1","floor":4},{"not_picked":["Endless Agony+1","Cloak And Dagger"],"picked":"Backflip","floor":5},{"not_picked":["Finisher+1","Acrobatics"],"picked":"Dagger Throw+1","floor":6},{"not_picked":["Blur","Flechettes+1"],"picked":"Malaise","floor":8},{"not_picked":["Underhanded Strike+1","Dodge and Roll"],"picked":"Quick Slash+1","floor":12},{"not_picked":["Deadly Poison","Prepared"],"picked":"Sucker Punch+1","floor":14},{"not_picked":["Glass Knife+1","Storm of Steel"],"picked":"Adrenaline","floor":16},{"not_picked":["Skewer+1","Flechettes+1","Distraction"],"picked":"SKIP","floor":18},{"not_picked":["Quick Slash+1","Underhanded Strike+1"],"picked":"Dagger Spray+1","floor":21},{"not_picked":["Slice+1","Deadly Poison+1"],"picked":"Predator+1","floor":24},{"not_picked":["Slice+1","Dodge and Roll"],"picked":"Footwork","floor":25},{"not_picked":["Masterful Stab+1","Endless Agony+1","Cloak And Dagger"],"picked":"SKIP","floor":28},{"not_picked":["Skewer+1","Poisoned Stab+1","Riddle With Holes+1"],"picked":"SKIP","floor":30},{"not_picked":["Deflect","Eviscerate+1"],"picked":"Backstab+1","floor":31},{"not_picked":["A Thousand Cuts","Night Terror"],"picked":"After Image","floor":33},{"not_picked":["Finisher+1","Deflect","Reflex+1"],"picked":"SKIP","floor":35},{"not_picked":["Flechettes+1","Dagger Throw+1"],"picked":"Dodge and Roll+1","floor":36},{"not_picked":["Good Instincts","Deep Breath"],"picked":"HandOfGreed+1","floor":38},{"not_picked":["Expertise+1","Bane+1"],"picked":"Dagger Spray+1","floor":40},{"not_picked":["Masterful Stab+1","Riddle With Holes+1","Flying Knee+1"],"picked":"SKIP","floor":42},{"not_picked":["Outmaneuver+1","Blur+1","Noxious Fumes"],"picked":"SKIP","floor":44},{"not_picked":["Sucker Punch+1","Quick Slash+1","Slice+1"],"picked":"SKIP","floor":45}],"player_experience":48199,"relics_obtained":[{"floor":6,"key":"Eternal Feather"},{"floor":8,"key":"Pen Nib"},{"floor":9,"key":"Shuriken"},{"floor":10,"key":"Ancient Tea Set"},{"floor":19,"key":"Calipers"},{"floor":20,"key":"Enchiridion"},{"floor":26,"key":"Pear"},{"floor":30,"key":"Girya"},{"floor":40,"key":"Matryoshka"},{"floor":42,"key":"Anchor"},{"floor":43,"key":"Juzu Bracelet"},{"floor":43,"key":"InkBottle"}],"event_choices":[{"damage_healed":0,"gold_gain":100,"player_choice":"Pray","damage_taken":0,"max_hp_gain":0,"max_hp_loss":0,"event_name":"Golden Shrine","floor":13,"gold_loss":0},{"damage_healed":0,"gold_gain":0,"player_choice":"Obtained Book","damage_taken":16,"max_hp_gain":0,"max_hp_loss":0,"event_name":"Cursed Tome","floor":20,"gold_loss":0},{"damage_healed":0,"gold_gain":0,"player_choice":"Ignored","damage_taken":0,"max_hp_gain":0,"max_hp_loss":0,"event_name":"Ghosts","floor":27,"gold_loss":0},{"damage_healed":0,"gold_gain":0,"player_choice":"Max HP","damage_taken":0,"max_hp_gain":0,"max_hp_loss":4,"event_name":"Winding Halls","floor":37,"gold_loss":0},{"damage_healed":0,"gold_gain":0,"player_choice":"Memory 1","damage_taken":0,"max_hp_gain":0,"max_hp_loss":0,"event_name":"SensoryStone","floor":38,"gold_loss":0},{"damage_healed":0,"gold_gain":0,"player_choice":"Paid","damage_taken":0,"relics_obtained":["Red Mask"],"max_hp_gain":0,"max_hp_loss":0,"event_name":"Tomb of Lord Red Mask","floor":46,"gold_loss":282}],"is_beta":false,"boss_relics":[{"not_picked":["Calling Bell","Pandora\u0027s Box"],"picked":"Coffee Dripper"},{"not_picked":["Ring of the Serpent","Black Star"],"picked":"Velvet Choker"}],"items_purged_floors":[3,22,39],"is_endless":false,"potions_floor_spawned":[1,2,18,28,33,35,45],"ascension_level":2}