{"gold_per_floor":[113,127,59,71,85,115,115,146,146,176,176,29,48,64,64,166,166,180,196,121,139,238,238,267,267,349,349,375,385,31,31,31,128,128,138,150,150,50,50,50,64,64,137,137,149,182,199,216,216,216],"floor_reached":50,"playtime":3560,"items_purged":["Strike_G","Pain"],"score":695,"play_id":"111d3cfd-30af-4e9c-b9f7-8ceefb847251","local_time":"20200704042416","is_ascension_mode":true,"campfire_choices":[{"data":"Glass Knife","floor":7,"key":"SMITH"},{"floor":11,"key":"REST"},{"data":"Catalyst","floor":15,"key":"SMITH"},{"floor":23,"key":"REST"},{"floor":27,"key":"REST"},{"data":"Well Laid Plans","floor":32,"key":"SMITH"},{"floor":40,"key":"REST"},{"floor":42,"key":"REST"},{"data":"Catalyst","floor":44,"key":"SMITH"},{"data":"Noxious Fumes","floor":49,"key":"SMITH"}],"neow_cost":"TEN_PERCENT_HP_LOSS","seed_source_timestamp":478569594123912,"circlet_count":0,"master_deck":["Strike_G","Strike_G","Strike_G","Defend_G","Defend_G","Defend_G","Defend_G","Survivor","Neutralize","Glass Knife+1","Caltrops","PiercingWail","Well Laid Plans+1","Dagger Throw","Catalyst+1","Quick Slash","Deadly Poison","Bouncing Flask","After Image","Calculated Gamble+1","Poisoned Stab+1","Poisoned Stab","Prepared","Backstab+1","Bane+1","Malaise","Catalyst+1","Crippling Poison","Doubt","Noxious Fumes+1"],"relics":["Ring of the Snake","Sundial","Mercury Hourglass","Letter Opener","Gremlin Horn","Snake Skull","Cursed Key","Bottled Lightning","Matryoshka","Molten Egg 2","Ice Cream","Question Card","HoveringKite","Mummified Hand","Pear","Strawberry"],"potions_floor_usage":[6,16,16,21,28,29,33,33,45,48,50],"damage_taken":[{"damage":0,"enemies":"2 Louse","floor":1,"turns":1},{"damage":1,"enemies":"Small Slimes","floor":2,"turns":3},{"damage":0,"enemies":"Cultist","floor":4,"turns":4},{"damage":1,"enemies":"Exordium Wildlife","floor":5,"turns":5},{"damage":21,"enemies":"Gremlin Nob","floor":6,"turns":5},{"damage":15,"enemies":"3 Sentries","floor":8,"turns":8},{"damage":18,"enemies":"Lagavulin","floor":10,"turns":4},{"damage":0,"enemies":"Lots of Slimes","floor":13,"turns":2},{"damage":0,"enemies":"Large Slime","floor":14,"turns":2},{"damage":0,"enemies":"Slime Boss","floor":16,"turns":6},{"damage":17,"enemies":"Shell Parasite","floor":18,"turns":4},{"damage":5,"enemies":"3 Byrds","floor":19,"turns":3},{"damage":33,"enemies":"Shelled Parasite and Fungi","floor":21,"turns":4},{"damage":23,"enemies":"Book of Stabbing","floor":24,"turns":5},{"damage":1,"enemies":"Gremlin Leader","floor":28,"turns":3},{"damage":3,"enemies":"3 Cultists","floor":29,"turns":3},{"damage":15,"enemies":"Automaton","floor":33,"turns":6},{"damage":31,"enemies":"3 Darklings","floor":35,"turns":5},{"damage":12,"enemies":"3 Shapes","floor":36,"turns":5},{"damage":5,"enemies":"3 Darklings","floor":41,"turns":4},{"damage":0,"enemies":"Jaw Worm Horde","floor":45,"turns":3},{"damage":3,"enemies":"Reptomancer","floor":46,"turns":4},{"damage":18,"enemies":"Writhing Mass","floor":47,"turns":4},{"damage":6,"enemies":"4 Shapes","floor":48,"turns":4},{"damage":45,"enemies":"Awakened One","floor":50,"turns":5}],"seed_played":"-5779799980656608154","potions_obtained":[{"floor":2,"key":"ColorlessPotion"},{"floor":4,"key":"Dexterity Potion"},{"floor":6,"key":"GhostInAJar"},{"floor":13,"key":"SteroidPotion"},{"floor":16,"key":"Poison Potion"},{"floor":19,"key":"Fire Potion"},{"floor":24,"key":"BlessingOfTheForge"},{"floor":28,"key":"Ancient Potion"},{"floor":41,"key":"ColorlessPotion"},{"floor":45,"key":"Strength Potion"},{"floor":46,"key":"Explosive Potion"}],"is_trial":false,"path_per_floor":["M","M","$","M","M","E","R","E","T","E","R","$","M","M","R","B",null,"M","M","$","M","?","R","E","?","T","R","E","M","$","?","R","B",null,"M","M","?","$","?","R","M","R","T","R","M","E","M","M","R","B"],"character_chosen":"THE_SILENT","items_purchased":["Well Laid Plans","Snake Skull","Ice Cream","Bane+1"],"campfire_rested":5,"item_purchase_floors":[3,12,30,30],"current_hp_per_floor":[63,62,62,62,61,40,40,25,25,7,25,25,25,25,25,25,63,46,41,41,8,8,26,3,3,3,21,20,17,17,17,17,2,63,32,20,20,20,20,38,33,51,61,61,61,65,47,41,41,0],"gold":216,"neow_bonus":"THREE_RARE_CARDS","is_prod":false,"is_daily":false,"chose_seed":false,"campfire_upgraded":5,"win_rate":0,"timestamp":1593854656,"path_taken":["M","M","$","M","M","E","R","E","T","E","R","$","M","M","R","BOSS","M","M","$","M","?","R","E","?","T","R","E","?","$","?","R","BOSS","M","?","?","$","?","R","M","R","T","R","?","E","M","M","R","BOSS"],"build_version":"2020-01-27","purchased_purges":2,"victory":false,"max_hp_per_floor":[63,63,63,63,63,63,63,63,63,63,63,63,63,63,63,63,63,63,63,63,63,63,63,63,63,63,63,63,63,63,63,63,63,63,63,63,63,63,63,63,63,63,73,73,73,80,80,80,80,80],"card_choices":[{"not_picked":["Unload","A Thousand Cuts"],"picked":"Glass Knife","floor":0},{"not_picked":["Bane","Skewer"],"picked":"Caltrops","floor":1},{"not_picked":["Quick Slash","Dash"],"picked":"PiercingWail","floor":2},{"not_picked":["Predator","Escape Plan"],"picked":"Dagger Throw","floor":4},{"not_picked":["Slice","Expertise"],"picked":"Catalyst","floor":5},{"not_picked":["Underhanded Strike","Unload"],"picked":"Quick Slash","floor":6},{"not_picked":["Terror","Dagger Spray"],"picked":"Backstab","floor":8},{"not_picked":["Heel Hook","Deflect"],"picked":"Deadly Poison","floor":10},{"not_picked":["Terror","Blade Dance"],"picked":"Bouncing Flask","floor":13},{"not_picked":["Slice","Flying Knee","Quick Slash"],"picked":"SKIP","floor":14},{"not_picked":["Slice","Flying Knee","Quick Slash"],"picked":"SKIP","floor":14},{"not_picked":["Unload","Doppelganger"],"picked":"After Image","floor":16},{"not_picked":["Flechettes+1","Acrobatics"],"picked":"Calculated Gamble+1","floor":18},{"not_picked":["Flying Knee+1","Underhanded Strike"],"picked":"Poisoned Stab+1","floor":19},{"not_picked":["Blade Dance+1","Choke"],"picked":"Poisoned Stab","floor":21},{"not_picked":["Doppelganger","Outmaneuver","Expertise"],"picked":"SKIP","floor":24},{"not_picked":["Outmaneuver","Blade Dance"],"picked":"Backstab+1","floor":28},{"not_picked":["Blade Dance+1","Calculated Gamble+1","Predator+1"],"picked":"SKIP","floor":29},{"not_picked":["Wraith Form v2","Burst","A Thousand Cuts"],"picked":"Malaise","floor":33},{"not_picked":["Escape Plan+1","Dash+1","Blur+1","Acrobatics"],"picked":"SKIP","floor":35},{"not_picked":["Sucker Punch+1","Outmaneuver","Eviscerate+1"],"picked":"Catalyst","floor":36},{"not_picked":["Flying Knee+1","Quick Slash+1","Reflex","Tactician+1"],"picked":"SKIP","floor":41},{"not_picked":["Bullet Time","Underhanded Strike+1","Outmaneuver","Eviscerate+1"],"picked":"SKIP","floor":45},{"not_picked":["Bouncing Flask+1","PiercingWail","Phantasmal Killer"],"picked":"Noxious Fumes","floor":46},{"not_picked":["Dodge and Roll+1","Acrobatics+1","Footwork","Deadly Poison"],"picked":"SKIP","floor":47},{"not_picked":["Wraith Form v2","Slice+1","Bane+1","Flying Knee+1"],"picked":"SKIP","floor":48}],"player_experience":44639,"relics_obtained":[{"floor":6,"key":"Sundial"},{"floor":8,"key":"Mercury Hourglass"},{"floor":9,"key":"Letter Opener"},{"floor":10,"key":"Gremlin Horn"},{"floor":24,"key":"Bottled Lightning"},{"floor":26,"key":"Matryoshka"},{"floor":28,"key":"Molten Egg 2"},{"floor":31,"key":"Question Card"},{"floor":43,"key":"Mummified Hand"},{"floor":43,"key":"Pear"},{"floor":46,"key":"Strawberry"}],"event_choices":[{"damage_healed":0,"gold_gain":99,"player_choice":"Stole From Cult","damage_taken":0,"max_hp_gain":0,"max_hp_loss":0,"event_name":"Nest","floor":22,"gold_loss":0},{"damage_healed":0,"gold_gain":0,"cards_transformed":["Defend_G"],"player_choice":"Transformed","damage_taken":0,"max_hp_gain":0,"max_hp_loss":0,"event_name":"Transmorgrifier","floor":25,"gold_loss":0,"cards_obtained":["Prepared"]},{"damage_healed":0,"gold_gain":0,"player_choice":"Relic","damage_taken":0,"max_hp_gain":0,"max_hp_loss":0,"event_name":"Wheel of Change","floor":31,"gold_loss":0},{"cards_removed":["Backstab"],"damage_healed":0,"gold_gain":0,"player_choice":"Removed Attack","damage_taken":0,"max_hp_gain":0,"max_hp_loss":0,"event_name":"Falling","floor":37,"gold_loss":0},{"damage_healed":0,"gold_gain":0,"cards_transformed":["Strike_G"],"player_choice":"Transformed","damage_taken":0,"max_hp_gain":0,"max_hp_loss":0,"event_name":"Transmorgrifier","floor":39,"gold_loss":0,"cards_obtained":["Crippling Poison"]}],"is_beta":false,"boss_relics":[{"not_picked":["Ring of the Serpent","Calling Bell"],"picked":"Cursed Key"},{"not_picked":["SacredBark","WristBlade"],"picked":"HoveringKite"}],"items_purged_floors":[20,38],"is_endless":false,"potions_floor_spawned":[2,4,6,13,16,19,24,28,41,45,46],"killed_by":"Awakened One","ascension_level":2}