{"gold_per_floor":[116,131,143,218,236,236,254,279,279,305,305,8,41,62,62,186,249,273,292,292,11,25,25,125,160,235,135,148,166,166,189,189,314,314,327,59,74,74,74,74,134,134,134,134,152,67,88,88,88,88],"floor_reached":51,"playtime":5347,"items_purged":["Strike_G","Defend_G","Defend_G"],"score":719,"play_id":"9c5b177d-0cfa-496a-9aa8-1985f8e91fc1","local_time":"20200704015446","is_ascension_mode":true,"campfire_choices":[{"data":"Footwork","floor":6,"key":"SMITH"},{"data":"Noxious Fumes","floor":15,"key":"SMITH"},{"data":"Glass Knife","floor":23,"key":"SMITH"},{"data":"Die Die Die","floor":30,"key":"SMITH"},{"data":"Die Die Die","floor":32,"key":"SMITH"},{"floor":40,"key":"REST"},{"floor":42,"key":"REST"},{"floor":49,"key":"REST"}],"neow_cost":"NONE","seed_source_timestamp":467798103532513,"circlet_count":0,"master_deck":["Strike_G+1","Strike_G+1","Strike_G+1","Strike_G+1","Defend_G+1","Defend_G+1","Defend_G+1","Neutralize+1","Caltrops+1","Footwork+1","Leg Sweep+1","All Out Attack+1","Dagger Throw+1","Sucker Punch+1","Backflip+1","Noxious Fumes+1","Flying Knee+1","Well Laid Plans+1","Die Die Die+1","Blade Dance+1","PiercingWail+1","Glass Knife+1","Infinite Blades+1","Dodge and Roll+1","Die Die Die+1","Caltrops+1","Bullet Time+1","PiercingWail+1","Blade Dance+1","Jack Of All Trades+1"],"relics":["Ring of the Snake","Centennial Puzzle","Whetstone","Mango","WingedGreaves","Golden Idol","Happy Flower","Toxic Egg 2","Tiny House","Bronze Scales","Mummified Hand","Anchor","Pear","WristBlade","Snake Skull","Mark of the Bloom","Torii","Bag of Marbles"],"potions_floor_usage":[5,8,10,16,33,37,41,50,50],"damage_taken":[{"damage":0,"enemies":"2 Louse","floor":1,"turns":4},{"damage":1,"enemies":"Jaw Worm","floor":2,"turns":5},{"damage":0,"enemies":"Cultist","floor":3,"turns":4},{"damage":19,"enemies":"Gremlin Gang","floor":5,"turns":8},{"damage":4,"enemies":"3 Louse","floor":7,"turns":3},{"damage":10,"enemies":"Gremlin Nob","floor":8,"turns":5},{"damage":19,"enemies":"3 Sentries","floor":10,"turns":5},{"damage":8,"enemies":"Lagavulin","floor":13,"turns":7},{"damage":1,"enemies":"Blue Slaver","floor":14,"turns":4},{"damage":8,"enemies":"Hexaghost","floor":16,"turns":10},{"damage":1,"enemies":"3 Byrds","floor":18,"turns":5},{"damage":16,"enemies":"Spheric Guardian","floor":19,"turns":6},{"damage":6,"enemies":"Chosen and Byrds","floor":22,"turns":7},{"damage":7,"enemies":"Gremlin Leader","floor":25,"turns":5},{"damage":0,"enemies":"Snake Plant","floor":28,"turns":4},{"damage":8,"enemies":"Snecko","floor":29,"turns":5},{"damage":0,"enemies":"Shelled Parasite and Fungi","floor":31,"turns":3},{"damage":44,"enemies":"Automaton","floor":33,"turns":8},{"damage":0,"enemies":"Orb Walker","floor":35,"turns":2},{"damage":10,"enemies":"3 Shapes","floor":37,"turns":3},{"damage":18,"enemies":"2 Orb Walkers","floor":41,"turns":3},{"damage":0,"enemies":"3 Darklings","floor":45,"turns":3},{"damage":1,"enemies":"Maw","floor":47,"turns":6},{"damage":39,"enemies":"Time Eater","floor":50,"turns":10}],"seed_played":"-2640565809709813035","potions_obtained":[{"floor":1,"key":"Regen Potion"},{"floor":3,"key":"LiquidMemories"},{"floor":5,"key":"BlessingOfTheForge"},{"floor":7,"key":"AttackPotion"},{"floor":17,"key":"Poison Potion"},{"floor":25,"key":"LiquidMemories"},{"floor":31,"key":"SpeedPotion"},{"floor":33,"key":"Explosive Potion"},{"floor":45,"key":"PowerPotion"},{"floor":47,"key":"Poison Potion"}],"is_trial":false,"path_per_floor":["M","M","M","?","M","R","M","E","T","E","?","$","E","M","R","B",null,"M","M","?","$","M","R","?","E","T","$","M","M","R","M","R","B",null,"M","$","M","?","?","R","?","R","T","?","M","$","M","?","R","B",null],"character_chosen":"THE_SILENT","items_purchased":["Happy Flower","Noxious Fumes","Mummified Hand","Infinite Blades","Snake Skull","Jack Of All Trades+1"],"campfire_rested":3,"item_purchase_floors":[12,12,21,21,36,46],"current_hp_per_floor":[70,69,69,58,54,54,50,40,54,35,35,35,27,26,26,18,83,82,66,66,66,60,60,60,53,63,63,63,55,55,55,55,11,93,93,93,83,83,83,83,65,65,65,65,65,65,64,64,64,25],"gold":88,"neow_bonus":"RANDOM_COMMON_RELIC","is_prod":false,"is_daily":false,"chose_seed":false,"campfire_upgraded":5,"win_rate":0,"timestamp":1593845686,"path_taken":["M","M","M","?","M","R","M","E","T","E","?","$","E","M","R","BOSS","M","M","?","$","M","R","?","E","T","$","?","M","R","M","R","BOSS","M","$","?","?","?","R","?","R","T","?","M","$","M","?","R","BOSS"],"build_version":"2020-01-27","purchased_purges":3,"victory":true,"max_hp_per_floor":[70,70,70,70,70,70,70,70,84,84,78,78,78,78,78,78,83,83,83,83,83,83,83,83,83,93,93,93,93,93,93,93,93,93,93,93,93,93,93,93,93,93,93,93,93,93,93,88,88,88],"card_choices":[{"not_picked":["Prepared","Dodge and Roll"],"picked":"Caltrops","floor":1},{"not_picked":["Dagger Throw","Dodge and Roll"],"picked":"Footwork","floor":2},{"not_picked":["Riddle With Holes","Predator"],"picked":"Leg Sweep","floor":3},{"not_picked":["Sucker Punch","Deflect"],"picked":"All Out Attack","floor":5},{"not_picked":["Slice","Masterful Stab"],"picked":"Dagger Throw","floor":7},{"not_picked":["Burst","Tools of the Trade"],"picked":"Sucker Punch","floor":8},{"not_picked":["Bane","Calculated Gamble"],"picked":"Backflip","floor":10},{"not_picked":["Predator","Outmaneuver+1"],"picked":"Flying Knee","floor":13},{"not_picked":["Footwork","PiercingWail+1"],"picked":"Well Laid Plans","floor":14},{"not_picked":["Burst+1","Doppelganger+1"],"picked":"Die Die Die","floor":16},{"not_picked":["Underhanded Strike","Expertise+1"],"picked":"Blade Dance+1","floor":17},{"not_picked":["Underhanded Strike+1","Choke"],"picked":"PiercingWail+1","floor":18},{"not_picked":["Dagger Spray","Blur+1"],"picked":"Glass Knife","floor":19},{"not_picked":["Deadly Poison+1","Bane+1"],"picked":"Dodge and Roll+1","floor":22},{"not_picked":["Flying Knee+1","Dodge and Roll+1"],"picked":"Die Die Die","floor":25},{"not_picked":["Leg Sweep+1","Dagger Spray"],"picked":"Caltrops+1","floor":28},{"not_picked":["Flying Knee","Endless Agony","Finisher+1"],"picked":"SKIP","floor":29},{"not_picked":["Deflect+1","Skewer+1","Endless Agony"],"picked":"SKIP","floor":31},{"not_picked":["Unload","Doppelganger+1"],"picked":"Bullet Time+1","floor":33},{"not_picked":["Crippling Poison+1","Quick Slash","Blur+1"],"picked":"SKIP","floor":35},{"not_picked":["Deadly Poison+1","Deflect+1"],"picked":"PiercingWail+1","floor":37},{"not_picked":["Prepared+1","Poisoned Stab"],"picked":"Blade Dance+1","floor":45},{"not_picked":["Heel Hook","Slice","Deflect+1"],"picked":"SKIP","floor":47}],"player_experience":33947,"relics_obtained":[{"floor":8,"key":"Whetstone"},{"floor":9,"key":"Mango"},{"floor":10,"key":"WingedGreaves"},{"floor":13,"key":"Toxic Egg 2"},{"floor":25,"key":"Anchor"},{"floor":26,"key":"Pear"},{"floor":41,"key":"Torii"},{"floor":43,"key":"Bag of Marbles"}],"event_choices":[{"damage_healed":0,"gold_gain":75,"player_choice":"Gather Gold","damage_taken":11,"max_hp_gain":0,"max_hp_loss":0,"event_name":"World of Goop","floor":4,"gold_loss":0},{"damage_healed":0,"gold_gain":0,"player_choice":"Lose Max HP","damage_taken":0,"relics_obtained":["Golden Idol"],"max_hp_gain":0,"max_hp_loss":6,"event_name":"Golden Idol","floor":11,"gold_loss":0},{"damage_healed":0,"gold_gain":0,"player_choice":"Opened","damage_taken":0,"relics_obtained":["Bronze Scales"],"max_hp_gain":0,"max_hp_loss":0,"event_name":"The Mausoleum","floor":20,"gold_loss":0},{"damage_healed":0,"gold_gain":100,"player_choice":"Pray","damage_taken":0,"max_hp_gain":0,"max_hp_loss":0,"event_name":"Golden Shrine","floor":24,"gold_loss":0},{"cards_removed":["Survivor"],"damage_healed":0,"gold_gain":0,"player_choice":"Removed Skill","damage_taken":0,"max_hp_gain":0,"max_hp_loss":0,"event_name":"Falling","floor":38,"gold_loss":0},{"damage_healed":0,"gold_gain":0,"player_choice":"Upgrade","damage_taken":0,"relics_obtained":["Mark of the Bloom"],"max_hp_gain":0,"max_hp_loss":0,"event_name":"MindBloom","floor":39,"gold_loss":0,"cards_upgraded":["Strike_G","Strike_G","Defend_G","Defend_G","Defend_G","Neutralize","Caltrops","Leg Sweep","All Out Attack","Sucker Punch","Backflip","Flying Knee","Well Laid Plans","Infinite Blades"]},{"damage_healed":0,"gold_gain":0,"player_choice":"Fight","damage_taken":0,"max_hp_gain":0,"max_hp_loss":0,"event_name":"Mysterious Sphere","floor":41,"gold_loss":0},{"damage_healed":0,"gold_gain":0,"player_choice":"Ignored","damage_taken":0,"max_hp_gain":0,"max_hp_loss":0,"event_name":"Tomb of Lord Red Mask","floor":44,"gold_loss":0},{"damage_healed":0,"gold_gain":0,"player_choice":"Max HP","damage_taken":0,"max_hp_gain":0,"max_hp_loss":5,"event_name":"Winding Halls","floor":48,"gold_loss":0}],"is_beta":false,"boss_relics":[{"not_picked":["Cursed Key","Black Star"],"picked":"Tiny House"},{"not_picked":["SlaversCollar","Coffee Dripper"],"picked":"WristBlade"}],"items_purged_floors":[12,27,36],"is_endless":false,"potions_floor_spawned":[1,3,5,7,25,31,33,45,47],"ascension_level":1}