{"gold_per_floor":[119,131,147,163,181,181,212,67,94,110,138,138,172,190,190,291,291,302,14,14,33,51,51,65,82,107,126,126,140,173,183,183,283,283,294,151,151,168,186,186,201,201,201,201,201,228,128,139,139,139],"floor_reached":50,"playtime":4298,"items_purged":["Strike_G","Defend_G"],"score":572,"play_id":"a6033dbe-53df-4561-8282-e775ab18e13f","local_time":"20200704032437","is_ascension_mode":true,"campfire_choices":[{"data":"All Out Attack","floor":6,"key":"SMITH"},{"data":"Noxious Fumes","floor":12,"key":"SMITH"},{"floor":15,"key":"REST"},{"data":"Die Die Die","floor":23,"key":"SMITH"},{"data":"Glass Knife","floor":28,"key":"SMITH"},{"floor":32,"key":"REST"},{"data":"Glass Knife","floor":40,"key":"SMITH"},{"data":"Backstab","floor":42,"key":"SMITH"},{"data":"Storm of Steel","floor":45,"key":"SMITH"},{"data":"Caltrops","floor":49,"key":"SMITH"}],"neow_cost":"NONE","seed_source_timestamp":474254034880872,"circlet_count":0,"master_deck":["Strike_G","Strike_G","Strike_G","Defend_G","Defend_G","Defend_G","Defend_G","Survivor","Neutralize","Backflip","All Out Attack+1","Predator","Backflip","Dagger Throw","Noxious Fumes+1","Adrenaline","Wraith Form v2","Glass Knife+1","Glass Knife+1","Die Die Die+1","Poisoned Stab+1","Caltrops+1","Flying Knee","Backstab+1","Dash+1","All Out Attack+1","Catalyst+1","Storm of Steel+1","Well Laid Plans","Bouncing Flask+1"],"relics":["Ring of the Snake","Strawberry","Vajra","Lantern","Ancient Tea Set","HoveringKite","Incense Burner","Centennial Puzzle","Shuriken","Busted Crown","Regal Pillow","MealTicket"],"potions_floor_usage":[7,16,16,24,25,27,30,33,33,39,46,50],"damage_taken":[{"damage":2,"enemies":"Jaw Worm","floor":1,"turns":5},{"damage":0,"enemies":"Cultist","floor":2,"turns":5},{"damage":0,"enemies":"Small Slimes","floor":3,"turns":4},{"damage":9,"enemies":"2 Fungi Beasts","floor":4,"turns":2},{"damage":24,"enemies":"Exordium Thugs","floor":5,"turns":4},{"damage":3,"enemies":"Gremlin Nob","floor":7,"turns":3},{"damage":11,"enemies":"3 Louse","floor":10,"turns":2},{"damage":16,"enemies":"3 Sentries","floor":11,"turns":6},{"damage":12,"enemies":"Gremlin Nob","floor":13,"turns":3},{"damage":0,"enemies":"Blue Slaver","floor":14,"turns":2},{"damage":22,"enemies":"The Guardian","floor":16,"turns":7},{"damage":6,"enemies":"Spheric Guardian","floor":18,"turns":3},{"damage":0,"enemies":"Chosen","floor":21,"turns":3},{"damage":22,"enemies":"Shelled Parasite and Fungi","floor":22,"turns":6},{"damage":2,"enemies":"Snecko","floor":24,"turns":3},{"damage":14,"enemies":"Snake Plant","floor":25,"turns":2},{"damage":7,"enemies":"3 Cultists","floor":27,"turns":3},{"damage":0,"enemies":"Cultist and Chosen","floor":29,"turns":4},{"damage":26,"enemies":"Slavers","floor":30,"turns":3},{"damage":5,"enemies":"Snecko","floor":31,"turns":3},{"damage":16,"enemies":"Automaton","floor":33,"turns":6},{"damage":11,"enemies":"Orb Walker","floor":35,"turns":2},{"damage":2,"enemies":"3 Darklings","floor":38,"turns":2},{"damage":20,"enemies":"Maw","floor":39,"turns":6},{"damage":0,"enemies":"Sphere and 2 Shapes","floor":41,"turns":3},{"damage":23,"enemies":"Giant Head","floor":46,"turns":7},{"damage":3,"enemies":"Jaw Worm Horde","floor":48,"turns":3},{"damage":54,"enemies":"Time Eater","floor":50,"turns":3}],"seed_played":"2936164103800115751","potions_obtained":[{"floor":3,"key":"Strength Potion"},{"floor":4,"key":"SteroidPotion"},{"floor":7,"key":"Swift Potion"},{"floor":13,"key":"EssenceOfSteel"},{"floor":18,"key":"Poison Potion"},{"floor":22,"key":"DuplicationPotion"},{"floor":24,"key":"FearPotion"},{"floor":30,"key":"Swift Potion"},{"floor":31,"key":"Explosive Potion"},{"floor":38,"key":"Regen Potion"},{"floor":39,"key":"Swift Potion"},{"floor":48,"key":"ColorlessPotion"}],"is_trial":false,"path_per_floor":["M","M","M","M","M","R","E","$","T","M","E","R","E","M","R","B",null,"M","$","?","M","M","R","M","M","T","M","R","M","E","M","R","B",null,"M","$","?","M","M","R","M","R","T","?","R","E","$","M","R","B"],"character_chosen":"THE_SILENT","items_purchased":["Adrenaline","Incense Burner","Well Laid Plans"],"campfire_rested":2,"item_purchase_floors":[8,19,36],"current_hp_per_floor":[75,75,75,66,42,42,46,46,46,35,19,19,7,7,32,10,84,78,78,84,84,62,62,60,46,46,39,39,39,13,8,33,17,84,73,73,73,71,65,65,65,65,65,65,65,42,57,54,54,0],"gold":139,"neow_bonus":"TEN_PERCENT_HP_BONUS","is_prod":false,"is_daily":false,"chose_seed":false,"campfire_upgraded":8,"win_rate":0,"timestamp":1593851077,"path_taken":["M","M","M","M","M","R","E","$","T","M","E","R","E","M","R","BOSS","M","$","?","M","M","R","M","M","T","?","R","?","E","M","R","BOSS","M","$","?","M","M","R","M","R","T","?","R","E","$","M","R","BOSS"],"build_version":"2020-01-27","purchased_purges":2,"victory":false,"max_hp_per_floor":[77,77,77,77,77,77,84,84,84,84,84,84,84,84,84,84,84,84,84,84,84,84,84,84,84,84,84,84,84,84,84,84,84,84,84,84,84,84,84,84,84,84,84,84,84,84,84,84,84,84],"card_choices":[{"not_picked":["Outmaneuver","Leg Sweep"],"picked":"Backflip","floor":1},{"not_picked":["Masterful Stab","Riddle With Holes"],"picked":"All Out Attack","floor":2},{"not_picked":["Masterful Stab","Backflip"],"picked":"Predator","floor":3},{"not_picked":["Tactician","Dodge and Roll"],"picked":"Backflip","floor":4},{"not_picked":["All Out Attack","Prepared"],"picked":"Dagger Throw","floor":5},{"not_picked":["Backflip","Deadly Poison"],"picked":"Noxious Fumes","floor":7},{"not_picked":["Backflip","Deflect"],"picked":"Wraith Form v2","floor":10},{"not_picked":["Quick Slash","Acrobatics"],"picked":"Glass Knife","floor":11},{"not_picked":["Cloak And Dagger","Eviscerate"],"picked":"Glass Knife","floor":13},{"not_picked":["Blade Dance","Dodge and Roll"],"picked":"Bouncing Flask","floor":14},{"not_picked":["Burst","Glass Knife"],"picked":"Die Die Die","floor":16},{"not_picked":["Outmaneuver+1","Prepared+1"],"picked":"Poisoned Stab+1","floor":18},{"not_picked":["Dodge and Roll","Outmaneuver"],"picked":"Caltrops","floor":21},{"not_picked":["Slice+1","Dagger Throw"],"picked":"Flying Knee","floor":22},{"not_picked":["Riddle With Holes","Heel Hook","Bane+1"],"picked":"SKIP","floor":24},{"not_picked":["Poisoned Stab+1","Bouncing Flask"],"picked":"Backstab","floor":25},{"not_picked":["Skewer+1","Flechettes"],"picked":"Dash+1","floor":27},{"not_picked":["Tactician","Bane"],"picked":"All Out Attack+1","floor":29},{"not_picked":["Glass Knife","Finisher+1"],"picked":"Catalyst+1","floor":30},{"not_picked":["Distraction","Poisoned Stab","Accuracy"],"picked":"SKIP","floor":31},{"not_picked":["Unload","Wraith Form v2"],"picked":"Storm of Steel","floor":33},{"not_picked":["Skewer+1"],"picked":"SKIP","floor":35},{"not_picked":["Distraction"],"picked":"SKIP","floor":38},{"not_picked":["Reflex"],"picked":"SKIP","floor":39},{"not_picked":["Blade Dance"],"picked":"SKIP","floor":41},{"not_picked":[],"picked":"Bouncing Flask+1","floor":46},{"not_picked":["Escape Plan"],"picked":"SKIP","floor":48}],"player_experience":40341,"relics_obtained":[{"floor":7,"key":"Strawberry"},{"floor":9,"key":"Vajra"},{"floor":11,"key":"Lantern"},{"floor":13,"key":"Ancient Tea Set"},{"floor":26,"key":"Centennial Puzzle"},{"floor":30,"key":"Shuriken"},{"floor":43,"key":"Regal Pillow"},{"floor":46,"key":"MealTicket"}],"event_choices":[{"cards_removed":["Bouncing Flask"],"damage_healed":6,"gold_gain":0,"player_choice":"Offered Uncommon","damage_taken":0,"max_hp_gain":0,"max_hp_loss":0,"event_name":"Bonfire Elementals","floor":20,"gold_loss":0},{"damage_healed":0,"gold_gain":0,"player_choice":"Ignored","damage_taken":0,"max_hp_gain":0,"max_hp_loss":0,"event_name":"Tomb of Lord Red Mask","floor":37,"gold_loss":0},{"cards_removed":["Strike_G"],"damage_healed":0,"gold_gain":0,"player_choice":"Removed Attack","damage_taken":0,"max_hp_gain":0,"max_hp_loss":0,"event_name":"Falling","floor":44,"gold_loss":0}],"is_beta":false,"boss_relics":[{"not_picked":["Empty Cage","Ectoplasm"],"picked":"HoveringKite"},{"not_picked":["Calling Bell","Runic Dome"],"picked":"Busted Crown"}],"items_purged_floors":[36,47],"is_endless":false,"potions_floor_spawned":[3,4,7,13,18,22,24,30,31,38,39,48],"killed_by":"Time Eater","ascension_level":2}