{"gold_per_floor":[119,119,8,8,27,27,27,27,74,103,115,115,129,143,143,239,239,250,165,12,28,28,28,28,28,107,135,147,147],"floor_reached":29,"playtime":1206,"items_purged":["Strike_G"],"score":308,"play_id":"2b5ee138-918a-4c82-bd61-ff2d6e936f5c","local_time":"20200706112308","is_ascension_mode":true,"campfire_choices":[{"data":"Noxious Fumes","floor":6,"key":"SMITH"},{"data":"Leg Sweep","floor":8,"key":"SMITH"},{"data":"Catalyst","floor":12,"key":"SMITH"},{"data":"Skewer","floor":15,"key":"SMITH"},{"data":"Adrenaline","floor":23,"key":"SMITH"},{"data":"RitualDagger","floor":25,"key":"SMITH"}],"neow_cost":"NONE","seed_source_timestamp":608030586324771,"circlet_count":0,"master_deck":["Strike_G","Strike_G","Strike_G","Strike_G","Defend_G","Defend_G","Defend_G","Defend_G","Defend_G+1","Survivor","Neutralize+1","Catalyst+1","Leg Sweep+1","Noxious Fumes+1","Dagger Throw","Skewer+1","Bane","Adrenaline+1","RitualDagger+1","Dodge and Roll+1"],"relics":["Ring of the Snake","NeowsBlessing","Pen Nib","Busted Crown","Juzu Bracelet","Anchor","HornCleat","Toxic Egg 2"],"potions_floor_usage":[18,22],"damage_taken":[{"damage":0,"enemies":"Small Slimes","floor":1,"turns":1},{"damage":0,"enemies":"Cultist","floor":5,"turns":1},{"damage":0,"enemies":"Gremlin Nob","floor":10,"turns":1},{"damage":4,"enemies":"Jaw Worm","floor":11,"turns":4},{"damage":0,"enemies":"Blue Slaver","floor":13,"turns":5},{"damage":1,"enemies":"Red Slaver","floor":14,"turns":5},{"damage":15,"enemies":"Slime Boss","floor":16,"turns":11},{"damage":16,"enemies":"Spheric Guardian","floor":18,"turns":4},{"damage":0,"enemies":"Chosen","floor":21,"turns":3},{"damage":0,"enemies":"Snake Plant","floor":22,"turns":2},{"damage":23,"enemies":"Book of Stabbing","floor":27,"turns":7},{"damage":7,"enemies":"Cultist and Chosen","floor":28,"turns":8},{"damage":24,"enemies":"Sentry and Sphere","floor":29,"turns":4}],"seed_played":"-8225303590674399682","potions_obtained":[{"floor":2,"key":"SmokeBomb"},{"floor":2,"key":"Poison Potion"},{"floor":2,"key":"Ancient Potion"},{"floor":11,"key":"SpeedPotion"},{"floor":13,"key":"Weak Potion"},{"floor":21,"key":"SpeedPotion"},{"floor":27,"key":"Dexterity Potion"}],"is_trial":false,"path_per_floor":["M","?","$","?","M","R","$","R","T","E","M","R","M","M","R","B",null,"M","?","$","M","M","R","?","R","T","E","M","M"],"character_chosen":"THE_SILENT","items_purchased":["Leg Sweep","Anchor"],"campfire_rested":0,"item_purchase_floors":[3,20],"current_hp_per_floor":[70,70,70,56,56,56,56,56,56,56,52,52,52,51,51,36,70,54,54,54,54,54,54,48,48,48,25,18,0],"gold":147,"neow_bonus":"THREE_ENEMY_KILL","is_prod":false,"is_daily":false,"chose_seed":false,"campfire_upgraded":6,"win_rate":0,"timestamp":1594052588,"path_taken":["M","?","?","?","M","R","?","R","T","E","?","R","M","M","R","BOSS","M","?","$","M","M","R","?","R","T","E","M","M"],"build_version":"2020-01-27","purchased_purges":1,"victory":false,"max_hp_per_floor":[70,70,70,70,70,70,70,70,70,70,70,70,70,70,70,70,70,70,70,70,70,70,70,70,70,70,70,70,70],"card_choices":[{"not_picked":["Dagger Throw","Blade Dance"],"picked":"Catalyst","floor":1},{"not_picked":["Choke","Finisher"],"picked":"Noxious Fumes","floor":5},{"not_picked":["Expertise","Concentrate"],"picked":"Dagger Throw","floor":10},{"not_picked":["Expertise","Blade Dance","Dodge and Roll"],"picked":"SKIP","floor":11},{"not_picked":["All Out Attack","Bane"],"picked":"Skewer","floor":13},{"not_picked":["Concentrate","Expertise"],"picked":"Bane","floor":14},{"not_picked":["Doppelganger","Glass Knife"],"picked":"Adrenaline","floor":16},{"not_picked":["Reflex"],"picked":"SKIP","floor":18},{"not_picked":["Eviscerate"],"picked":"SKIP","floor":21},{"not_picked":[],"picked":"Dodge and Roll+1","floor":27},{"not_picked":["Reflex+1"],"picked":"SKIP","floor":28}],"player_experience":84322,"relics_obtained":[{"floor":10,"key":"Pen Nib"},{"floor":26,"key":"HornCleat"},{"floor":27,"key":"Toxic Egg 2"}],"event_choices":[{"damage_healed":0,"gold_gain":0,"player_choice":"Got Potions","damage_taken":0,"max_hp_gain":0,"max_hp_loss":0,"event_name":"Lab","floor":2,"gold_loss":0},{"damage_healed":0,"gold_gain":0,"player_choice":"Entered Light","damage_taken":14,"max_hp_gain":0,"max_hp_loss":0,"event_name":"Shining Light","floor":4,"gold_loss":0,"cards_upgraded":["Defend_G","Neutralize"]},{"damage_healed":0,"gold_gain":0,"player_choice":"Obtained Relic","damage_taken":0,"relics_obtained":["Juzu Bracelet"],"max_hp_gain":0,"max_hp_loss":0,"event_name":"Addict","floor":19,"gold_loss":85},{"damage_healed":0,"gold_gain":0,"player_choice":"Joined the Cult","damage_taken":6,"max_hp_gain":0,"max_hp_loss":0,"event_name":"Nest","floor":24,"gold_loss":0,"cards_obtained":["RitualDagger"]}],"is_beta":false,"boss_relics":[{"not_picked":["Black Star","Runic Dome"],"picked":"Busted Crown"}],"items_purged_floors":[3],"is_endless":false,"potions_floor_spawned":[5,10,11,13,21,27,28],"killed_by":"Sentry and Sphere","ascension_level":3}