{"gold_per_floor":[117,136,9,22,22,52,52,69,95,58,58],"floor_reached":11,"playtime":500,"items_purged":["Strike_G"],"score":84,"play_id":"fbe00912-1c34-465f-8c56-c5f40a146022","local_time":"20200706083315","is_ascension_mode":true,"campfire_choices":[{"data":"Neutralize","floor":7,"key":"SMITH"}],"neow_cost":"NONE","seed_source_timestamp":598544074824637,"circlet_count":0,"master_deck":["Strike_G","Strike_G","Strike_G","Strike_G","Defend_G","Defend_G","Defend_G","Defend_G","Defend_G","Survivor","Neutralize+1","All Out Attack","Acrobatics","Dagger Throw","Acrobatics","Caltrops"],"relics":["Ring of the Snake","Boot","Lantern"],"potions_floor_usage":[6,8],"damage_taken":[{"damage":2,"enemies":"Cultist","floor":1,"turns":4},{"damage":0,"enemies":"Small Slimes","floor":2,"turns":3},{"damage":2,"enemies":"Jaw Worm","floor":4,"turns":4},{"damage":61,"enemies":"Lagavulin","floor":6,"turns":11},{"damage":11,"enemies":"Exordium Thugs","floor":8,"turns":4},{"damage":5,"enemies":"Gremlin Nob","floor":11,"turns":2}],"seed_played":"-7495503803314492641","potions_obtained":[{"floor":1,"key":"Block Potion"},{"floor":6,"key":"SkillPotion"},{"floor":8,"key":"Energy Potion"}],"is_trial":false,"path_per_floor":["M","M","$","M","$","E","R","M","T","?","E"],"character_chosen":"THE_SILENT","items_purchased":["Dagger Throw"],"campfire_rested":0,"item_purchase_floors":[3],"current_hp_per_floor":[75,75,75,73,73,12,12,1,1,1,0],"gold":58,"neow_bonus":"TEN_PERCENT_HP_BONUS","is_prod":false,"is_daily":false,"chose_seed":false,"campfire_upgraded":1,"win_rate":0,"timestamp":1594042395,"path_taken":["M","M","$","M","?","E","R","M","T","?","E"],"build_version":"2020-01-27","purchased_purges":1,"victory":false,"max_hp_per_floor":[77,77,77,77,77,77,77,77,77,77,77],"card_choices":[{"not_picked":["Prepared","Cloak And Dagger"],"picked":"All Out Attack","floor":1},{"not_picked":["Escape Plan","Tactician"],"picked":"Acrobatics","floor":2},{"not_picked":["Eviscerate","Bane","Infinite Blades"],"picked":"SKIP","floor":4},{"not_picked":["Reflex","Heel Hook"],"picked":"Acrobatics","floor":6},{"not_picked":["Escape Plan","Expertise"],"picked":"Caltrops","floor":8}],"player_experience":75977,"relics_obtained":[{"floor":6,"key":"Boot"},{"floor":9,"key":"Lantern"}],"event_choices":[{"damage_healed":0,"gold_gain":0,"player_choice":"Left Gold","damage_taken":0,"max_hp_gain":0,"max_hp_loss":0,"event_name":"World of Goop","floor":10,"gold_loss":37}],"is_beta":false,"boss_relics":[],"items_purged_floors":[3],"is_endless":false,"potions_floor_spawned":[1,6,8],"killed_by":"Gremlin Nob","ascension_level":3}