{"gold_per_floor":[110,14,32,48,48,75,75,108,108,108,118,151,31,31,31,154,154,177,177,22,22,37,37,58,71,98,139,139,139,139,158,158,260,260,276,286,286],"floor_reached":37,"playtime":2831,"items_purged":["Strike_G"],"score":468,"play_id":"549bbe8d-df03-44e9-88fa-457dcccf67d5","local_time":"20200706070901","is_ascension_mode":true,"campfire_choices":[{"data":"Footwork","floor":7,"key":"SMITH"},{"data":"Neutralize","floor":10,"key":"SMITH"},{"data":"Die Die Die","floor":15,"key":"SMITH"},{"data":"Envenom","floor":23,"key":"SMITH"},{"data":"Well Laid Plans","floor":28,"key":"SMITH"},{"data":"Noxious Fumes","floor":30,"key":"SMITH"},{"data":"Infinite Blades","floor":32,"key":"SMITH"}],"neow_cost":"NONE","seed_source_timestamp":591157835302726,"circlet_count":0,"master_deck":["Strike_G+1","Strike_G","Strike_G+1","Strike_G","Defend_G+1","Defend_G","Defend_G","Defend_G","Defend_G","Survivor","Neutralize+1","Deadly Poison","Bandage Up","Footwork+1","PiercingWail+1","Quick Slash","Infinite Blades+1","Infinite Blades","Die Die Die+1","Cloak And Dagger","Envenom+1","Dagger Spray+1","Cloak And Dagger+1","Noxious Fumes+1","Blade Dance","Well Laid Plans+1","Catalyst+1","Wraith Form v2","Bane+1","Bouncing Flask+1"],"relics":["Ring of the Snake","War Paint","Eternal Feather","Bottled Flame","Bloody Idol","SlaversCollar","Toolbox","Whetstone","Omamori","Busted Crown"],"potions_floor_usage":[6,12,22,24,25,31,37,37],"damage_taken":[{"damage":0,"enemies":"Small Slimes","floor":1,"turns":4},{"damage":1,"enemies":"2 Louse","floor":3,"turns":2},{"damage":3,"enemies":"Cultist","floor":4,"turns":5},{"damage":32,"enemies":"Lagavulin","floor":6,"turns":8},{"damage":26,"enemies":"Gremlin Nob","floor":8,"turns":6},{"damage":2,"enemies":"Looter","floor":11,"turns":4},{"damage":23,"enemies":"3 Sentries","floor":12,"turns":8},{"damage":17,"enemies":"The Guardian","floor":16,"turns":14},{"damage":35,"enemies":"Chosen","floor":18,"turns":6},{"damage":0,"enemies":"3 Byrds","floor":22,"turns":3},{"damage":27,"enemies":"Snake Plant","floor":24,"turns":5},{"damage":1,"enemies":"Chosen and Byrds","floor":25,"turns":6},{"damage":9,"enemies":"Gremlin Leader","floor":27,"turns":5},{"damage":19,"enemies":"Cultist and Chosen","floor":31,"turns":6},{"damage":45,"enemies":"Automaton","floor":33,"turns":7},{"damage":19,"enemies":"Orb Walker","floor":35,"turns":5},{"damage":12,"enemies":"3 Darklings","floor":36,"turns":3},{"damage":58,"enemies":"2 Orb Walkers","floor":37,"turns":7}],"seed_played":"5521802799545882343","potions_obtained":[{"floor":3,"key":"Fire Potion"},{"floor":11,"key":"Fire Potion"},{"floor":12,"key":"Strength Potion"},{"floor":19,"key":"DistilledChaos"},{"floor":19,"key":"Explosive Potion"},{"floor":22,"key":"SkillPotion"},{"floor":24,"key":"CunningPotion"},{"floor":33,"key":"SneckoOil"},{"floor":36,"key":"GhostInAJar"}],"is_trial":false,"path_per_floor":["M","$","M","M","?","E","R","E","T","R","M","E","$","?","R","B",null,"M","?","$","$","M","R","M","M","T","E","R","?","R","M","R","B",null,"M","M","?"],"character_chosen":"THE_SILENT","items_purchased":["Bandage Up","Cloak And Dagger","Toolbox"],"campfire_rested":0,"item_purchase_floors":[2,13,20],"current_hp_per_floor":[77,77,76,74,74,45,45,23,23,32,34,15,15,15,27,14,71,40,40,40,40,44,56,33,36,36,31,46,46,61,51,66,30,71,61,54,0],"gold":286,"neow_bonus":"TEN_PERCENT_HP_BONUS","is_prod":false,"is_daily":false,"chose_seed":false,"campfire_upgraded":7,"win_rate":0,"timestamp":1594037341,"path_taken":["M","$","M","M","?","E","R","E","T","R","M","E","$","?","R","BOSS","M","?","?","$","M","R","M","M","T","E","R","?","R","M","R","BOSS","M","M","?"],"build_version":"2020-01-27","purchased_purges":1,"victory":false,"max_hp_per_floor":[77,77,77,77,77,77,77,77,77,77,77,77,77,71,71,71,71,71,71,71,71,71,71,71,71,71,71,71,71,71,71,71,71,71,71,71,71],"card_choices":[{"not_picked":["Prepared","Calculated Gamble"],"picked":"Deadly Poison","floor":1},{"not_picked":["Cloak And Dagger","PiercingWail"],"picked":"Footwork","floor":3},{"not_picked":["Skewer","Deflect"],"picked":"PiercingWail","floor":4},{"not_picked":["Dodge and Roll","Acrobatics"],"picked":"Quick Slash","floor":6},{"not_picked":["Backstab","Riddle With Holes"],"picked":"Infinite Blades","floor":8},{"not_picked":["Flying Knee","Crippling Poison"],"picked":"Infinite Blades","floor":11},{"not_picked":["Deflect","Slice"],"picked":"Die Die Die","floor":12},{"not_picked":["Unload","Tools of the Trade"],"picked":"Envenom","floor":16},{"not_picked":["Bane","Quick Slash+1"],"picked":"Dagger Spray+1","floor":18},{"not_picked":["Escape Plan","Flying Knee"],"picked":"Cloak And Dagger+1","floor":22},{"not_picked":["Finisher","Underhanded Strike"],"picked":"Noxious Fumes","floor":24},{"not_picked":["Outmaneuver","Quick Slash"],"picked":"Blade Dance","floor":25},{"not_picked":["Finisher","Endless Agony"],"picked":"Well Laid Plans","floor":27},{"not_picked":["Heel Hook+1","Deflect"],"picked":"Catalyst+1","floor":31},{"not_picked":["Corpse Explosion","Unload"],"picked":"Wraith Form v2","floor":33},{"not_picked":[],"picked":"Bane+1","floor":35},{"not_picked":[],"picked":"Bouncing Flask+1","floor":36}],"player_experience":68667,"relics_obtained":[{"floor":6,"key":"War Paint"},{"floor":8,"key":"Eternal Feather"},{"floor":12,"key":"Bottled Flame"},{"floor":26,"key":"Whetstone"},{"floor":27,"key":"Omamori"}],"event_choices":[{"damage_healed":0,"gold_gain":0,"player_choice":"Leave","damage_taken":0,"max_hp_gain":0,"max_hp_loss":0,"event_name":"The Cleric","floor":5,"gold_loss":0},{"damage_healed":0,"gold_gain":0,"player_choice":"Lose Max HP","damage_taken":0,"relics_obtained":["Golden Idol"],"max_hp_gain":0,"max_hp_loss":6,"event_name":"Golden Idol","floor":14,"gold_loss":0},{"damage_healed":0,"gold_gain":0,"player_choice":"Got Potions","damage_taken":0,"max_hp_gain":0,"max_hp_loss":0,"event_name":"Lab","floor":19,"gold_loss":0},{"damage_healed":0,"gold_gain":0,"player_choice":"Gave Idol","damage_taken":0,"relics_obtained":["Bloody Idol"],"max_hp_gain":0,"max_hp_loss":0,"event_name":"Forgotten Altar","floor":29,"relics_lost":["Golden Idol"],"gold_loss":0},{"damage_healed":0,"gold_gain":0,"player_choice":"Fight","damage_taken":0,"max_hp_gain":0,"max_hp_loss":0,"event_name":"Mysterious Sphere","floor":37,"gold_loss":0}],"is_beta":false,"boss_relics":[{"not_picked":["Pandora\u0027s Box","Fusion Hammer"],"picked":"SlaversCollar"},{"not_picked":["Empty Cage","Cursed Key"],"picked":"Busted Crown"}],"items_purged_floors":[13],"is_endless":false,"potions_floor_spawned":[3,11,12,22,24,33,36],"killed_by":"2 Orb Walkers","ascension_level":3}