{"gold_per_floor":[118,128,203,203,21,55,55,87,138,156,173,18,18,30,30,135,135,155,5,20,20,35,64,64,80,103,103,103,3,3,3],"floor_reached":31,"playtime":1695,"items_purged":["Strike_G","Strike_G"],"score":360,"play_id":"4c88fd5f-f000-4e17-b49b-b37c3348ced8","local_time":"20200706061216","is_ascension_mode":true,"campfire_choices":[{"data":"Apotheosis","floor":7,"key":"SMITH"},{"data":"Noxious Fumes","floor":13,"key":"SMITH"},{"data":"Well Laid Plans","floor":15,"key":"SMITH"},{"data":"Glass Knife","floor":24,"key":"SMITH"},{"data":"Neutralize","floor":28,"key":"SMITH"},{"data":"Crippling Poison","floor":30,"key":"SMITH"}],"neow_cost":"NONE","seed_source_timestamp":588889049540879,"circlet_count":0,"master_deck":["Strike_G","Strike_G+1","Strike_G","Defend_G","Defend_G","Defend_G","Defend_G","Defend_G","Survivor","Neutralize+1","Crippling Poison+1","Bane+1","Apotheosis+1","Terror","PiercingWail","Noxious Fumes+1","Dagger Spray","Well Laid Plans+1","Poisoned Stab","Glass Knife+1"],"relics":["Ring of the Snake","NeowsBlessing","Tiny Chest","HornCleat","Whetstone","Busted Crown","ClockworkSouvenir","Juzu Bracelet"],"potions_floor_usage":[16,22,23,23],"damage_taken":[{"damage":0,"enemies":"Small Slimes","floor":1,"turns":1},{"damage":0,"enemies":"Jaw Worm","floor":2,"turns":1},{"damage":0,"enemies":"3 Sentries","floor":6,"turns":1},{"damage":0,"enemies":"Gremlin Nob","floor":8,"turns":3},{"damage":0,"enemies":"Cultist","floor":10,"turns":3},{"damage":5,"enemies":"Blue Slaver","floor":11,"turns":3},{"damage":0,"enemies":"2 Fungi Beasts","floor":14,"turns":2},{"damage":21,"enemies":"Slime Boss","floor":16,"turns":8},{"damage":4,"enemies":"2 Thieves","floor":18,"turns":3},{"damage":14,"enemies":"Spheric Guardian","floor":20,"turns":4},{"damage":24,"enemies":"Cultist and Chosen","floor":22,"turns":5},{"damage":15,"enemies":"Slavers","floor":23,"turns":6},{"damage":1,"enemies":"Centurion and Healer","floor":25,"turns":5}],"seed_played":"6424666453852960974","potions_obtained":[{"floor":1,"key":"LiquidMemories"},{"floor":2,"key":"Regen Potion"},{"floor":11,"key":"LiquidMemories"},{"floor":20,"key":"SkillPotion"},{"floor":23,"key":"LiquidBronze"}],"is_trial":false,"path_per_floor":["M","M","?","?","$","E","R","E","T","M","M","$","R","M","R","B",null,"M","$","M","?","M","E","R","M","T","$","R","$","R","?"],"character_chosen":"THE_SILENT","items_purchased":["Apotheosis","Well Laid Plans","ClockworkSouvenir"],"campfire_rested":0,"item_purchase_floors":[5,12,19],"current_hp_per_floor":[70,70,59,59,59,59,59,59,59,59,54,54,54,54,54,33,70,66,66,52,39,24,9,9,8,8,8,8,8,8,0],"gold":3,"neow_bonus":"THREE_ENEMY_KILL","is_prod":false,"is_daily":false,"chose_seed":false,"campfire_upgraded":6,"win_rate":0,"timestamp":1594033936,"path_taken":["M","M","?","?","$","E","R","E","T","M","M","$","R","M","R","BOSS","M","$","M","?","M","E","R","M","T","$","R","$","R","?"],"build_version":"2020-01-27","purchased_purges":2,"victory":false,"max_hp_per_floor":[70,70,70,70,70,70,70,70,70,70,70,70,70,70,70,70,70,70,70,70,75,75,75,75,75,75,75,75,75,75,75],"card_choices":[{"not_picked":["Deadly Poison","Slice"],"picked":"Crippling Poison","floor":1},{"not_picked":["Endless Agony","Blade Dance"],"picked":"Bane","floor":2},{"not_picked":["Cloak And Dagger","Bane"],"picked":"Terror","floor":6},{"not_picked":["Skewer","Quick Slash"],"picked":"PiercingWail","floor":8},{"not_picked":["Expertise","Phantasmal Killer"],"picked":"Noxious Fumes","floor":10},{"not_picked":["Blade Dance","Dagger Throw"],"picked":"Dagger Spray","floor":11},{"not_picked":["Deadly Poison","Crippling Poison"],"picked":"Poisoned Stab","floor":14},{"not_picked":["A Thousand Cuts","Tools of the Trade"],"picked":"Glass Knife","floor":16},{"not_picked":["All Out Attack"],"picked":"SKIP","floor":18},{"not_picked":["Quick Slash"],"picked":"SKIP","floor":20},{"not_picked":["Flying Knee"],"picked":"SKIP","floor":22},{"not_picked":["Masterful Stab"],"picked":"SKIP","floor":23},{"not_picked":["Finisher"],"picked":"SKIP","floor":25}],"player_experience":66432,"relics_obtained":[{"floor":6,"key":"Tiny Chest"},{"floor":8,"key":"HornCleat"},{"floor":9,"key":"Whetstone"},{"floor":23,"key":"Juzu Bracelet"}],"event_choices":[{"damage_healed":0,"gold_gain":75,"player_choice":"Gather Gold","damage_taken":11,"max_hp_gain":0,"max_hp_loss":0,"event_name":"World of Goop","floor":3,"gold_loss":0},{"damage_healed":0,"gold_gain":0,"player_choice":"Bought 0 Potions","damage_taken":0,"max_hp_gain":0,"max_hp_loss":0,"event_name":"The Woman in Blue","floor":4,"gold_loss":0},{"damage_healed":0,"gold_gain":0,"player_choice":"Shed Blood","damage_taken":18,"max_hp_gain":5,"max_hp_loss":0,"event_name":"Forgotten Altar","floor":21,"gold_loss":0}],"is_beta":false,"boss_relics":[{"not_picked":["SlaversCollar","Coffee Dripper"],"picked":"Busted Crown"}],"items_purged_floors":[12,29],"is_endless":false,"potions_floor_spawned":[1,2,11,20,23],"ascension_level":3}