{"gold_per_floor":[118,137,156,231,74,74,108,58,81,68,78,94,119,137,137,137],"floor_reached":16,"playtime":1608,"items_purged":[],"score":131,"play_id":"6cce549e-880f-402d-ae57-35ab1d6075e3","local_time":"20200707035539","is_ascension_mode":true,"campfire_choices":[{"data":"Leg Sweep","floor":6,"key":"SMITH"},{"floor":15,"key":"REST"}],"neow_cost":"NONE","seed_source_timestamp":667178509116762,"circlet_count":0,"master_deck":["Strike_G","Strike_G","Strike_G","Strike_G","Defend_G","Defend_G","Defend_G","Defend_G","Defend_G","Survivor","Neutralize","PiercingWail","Poisoned Stab","Leg Sweep+1","Footwork","Deadly Poison","PiercingWail","Burst","Bane"],"relics":["Ring of the Snake","Bronze Scales","Potion Belt","Blood Vial"],"potions_floor_usage":[13,13,16],"damage_taken":[{"damage":3,"enemies":"Small Slimes","floor":1,"turns":5},{"damage":2,"enemies":"Jaw Worm","floor":2,"turns":7},{"damage":0,"enemies":"2 Louse","floor":3,"turns":3},{"damage":20,"enemies":"3 Sentries","floor":7,"turns":12},{"damage":12,"enemies":"Exordium Thugs","floor":10,"turns":6},{"damage":10,"enemies":"3 Louse","floor":11,"turns":3},{"damage":11,"enemies":"Lots of Slimes","floor":12,"turns":5},{"damage":4,"enemies":"Lagavulin","floor":13,"turns":10},{"damage":0,"enemies":"2 Fungi Beasts","floor":14,"turns":4},{"damage":35,"enemies":"Slime Boss","floor":16,"turns":6}],"seed_played":"2501444678285933049","potions_obtained":[{"floor":2,"key":"Ancient Potion"},{"floor":7,"key":"EssenceOfSteel"},{"floor":10,"key":"Strength Potion"},{"floor":12,"key":"Block Potion"},{"floor":13,"key":"Swift Potion"}],"is_trial":false,"path_per_floor":["M","M","M","?","$","R","E","?","T","M","M","M","E","M","R","B"],"character_chosen":"THE_SILENT","items_purchased":["Bronze Scales"],"campfire_rested":1,"item_purchase_floors":[5],"current_hp_per_floor":[74,72,72,61,61,61,41,41,41,29,19,8,4,6,29,0],"gold":137,"neow_bonus":"TEN_PERCENT_HP_BONUS","is_prod":false,"is_daily":false,"chose_seed":false,"campfire_upgraded":1,"win_rate":0,"timestamp":1594112139,"path_taken":["M","M","M","?","$","R","E","?","T","M","M","M","E","M","R","BOSS"],"build_version":"2020-01-27","purchased_purges":0,"victory":false,"max_hp_per_floor":[77,77,77,77,77,77,77,77,77,77,77,77,77,77,77,77],"card_choices":[{"not_picked":["Poisoned Stab","Blade Dance"],"picked":"PiercingWail","floor":1},{"not_picked":["Riddle With Holes","Slice"],"picked":"Poisoned Stab","floor":2},{"not_picked":["Eviscerate","Acrobatics"],"picked":"Leg Sweep","floor":3},{"not_picked":["Outmaneuver","Expertise","Finisher"],"picked":"SKIP","floor":7},{"not_picked":["Quick Slash","Acrobatics"],"picked":"Footwork","floor":10},{"not_picked":["Accuracy","Dodge and Roll"],"picked":"Deadly Poison","floor":11},{"not_picked":["Caltrops","Flying Knee"],"picked":"PiercingWail","floor":12},{"not_picked":["Cloak And Dagger","Outmaneuver"],"picked":"Burst","floor":13},{"not_picked":["Deadly Poison","Concentrate"],"picked":"Bane","floor":14}],"player_experience":91466,"relics_obtained":[{"floor":7,"key":"Potion Belt"},{"floor":13,"key":"Blood Vial"}],"event_choices":[{"damage_healed":0,"gold_gain":75,"player_choice":"Gather Gold","damage_taken":11,"max_hp_gain":0,"max_hp_loss":0,"event_name":"World of Goop","floor":4,"gold_loss":0},{"cards_removed":["Strike_G"],"damage_healed":0,"gold_gain":0,"player_choice":"Card Removal","damage_taken":0,"max_hp_gain":0,"max_hp_loss":0,"event_name":"The Cleric","floor":8,"gold_loss":50}],"is_beta":false,"boss_relics":[],"items_purged_floors":[],"is_endless":false,"potions_floor_spawned":[2,7,10,12,13],"killed_by":"Slime Boss","ascension_level":3}