{"gold_per_floor":[115,129,140,156,176,176,205,205,205,130,62,62,78,89,89,186,186,204,218,231,156,156,156,191,191,191,43,53,68,68,82,82,178,178,192,44,0,11,11,11,11],"floor_reached":41,"playtime":5026,"items_purged":["Strike_G","Injury"],"score":535,"play_id":"feafc970-025c-4df6-8145-6f0d22dc082a","local_time":"20200707031302","is_ascension_mode":true,"campfire_choices":[{"data":"Skewer","floor":6.0,"key":"SMITH"},{"data":"Footwork","floor":12.0,"key":"SMITH"},{"data":"Neutralize","floor":15,"key":"SMITH"},{"data":"Adrenaline","floor":23,"key":"SMITH"},{"data":"RitualDagger","floor":32,"key":"SMITH"},{"data":"Catalyst","floor":40,"key":"SMITH"}],"neow_cost":"PERCENT_DAMAGE","seed_source_timestamp":0,"circlet_count":0,"master_deck":["Strike_G","Strike_G","Strike_G","Defend_G","Defend_G","Defend_G","Defend_G","Defend_G","Survivor","Neutralize+1","Dagger Spray","Infinite Blades","Caltrops","Footwork+1","Skewer+1","Caltrops","Noxious Fumes+1","Well Laid Plans+1","Corpse Explosion","Dash","Catalyst+1","Adrenaline+1","Backflip+1","RitualDagger+1","Terror","Poisoned Stab+1","Glass Knife","Bane+1","PiercingWail","Bane+1"],"special_seed":0,"relics":["Ring of the Snake","FossilizedHelix","Meat on the Bone","Frozen Egg 2","Cursed Key","Bird Faced Urn","TwistedFunnel","Black Star","Red Mask"],"potions_floor_usage":[16,19,20,20,41],"damage_taken":[{"damage":0.0,"enemies":"Jaw Worm","floor":1.0,"turns":4.0},{"damage":0.0,"enemies":"Cultist","floor":2.0,"turns":4.0},{"damage":0.0,"enemies":"2 Louse","floor":3.0,"turns":2.0},{"damage":2.0,"enemies":"Large Slime","floor":4.0,"turns":7.0},{"damage":2.0,"enemies":"Blue Slaver","floor":5.0,"turns":5.0},{"damage":0.0,"enemies":"Lagavulin","floor":7.0,"turns":9.0},{"damage":9.0,"enemies":"Exordium Wildlife","floor":13.0,"turns":5.0},{"damage":4,"enemies":"Large Slime","floor":14,"turns":5},{"damage":1,"enemies":"The Guardian","floor":16,"turns":9},{"damage":0,"enemies":"Chosen","floor":18,"turns":6},{"damage":0,"enemies":"3 Byrds","floor":19,"turns":2},{"damage":8,"enemies":"Centurion and Healer","floor":20,"turns":4},{"damage":28,"enemies":"Gremlin Leader","floor":24,"turns":7},{"damage":20,"enemies":"Snecko","floor":28,"turns":5},{"damage":11,"enemies":"Shelled Parasite and Fungi","floor":29,"turns":5},{"damage":0,"enemies":"Centurion and Healer","floor":31,"turns":5},{"damage":47,"enemies":"Champ","floor":33,"turns":12},{"damage":13,"enemies":"3 Shapes","floor":35,"turns":5},{"damage":5,"enemies":"3 Darklings","floor":38,"turns":4},{"damage":77,"enemies":"Giant Head","floor":41,"turns":8}],"seed_played":"5068737099804369243","potions_obtained":[{"floor":1.0,"key":"EssenceOfSteel"},{"floor":3.0,"key":"DistilledChaos"},{"floor":7.0,"key":"LiquidMemories"},{"floor":13,"key":"SpeedPotion"},{"floor":14,"key":"BlessingOfTheForge"},{"floor":18,"key":"Swift Potion"},{"floor":28,"key":"Poison Potion"}],"is_trial":false,"path_per_floor":["M","M","M","M","M","R","E","?","T","$","$","R","M","M","R","B",null,"M","M","M","?","?","R","E","?","T","$","M","M","?","M","R","B",null,"M","$","?","M","?","R","E"],"character_chosen":"THE_SILENT","items_purchased":["Noxious Fumes+1","TwistedFunnel","PiercingWail"],"campfire_rested":0,"item_purchase_floors":[11,27,36],"current_hp_per_floor":[49,49,49,47,45,45,45,45,45,45,45,45,36,44,44,43,70,70,70,62,62,49,49,33,27,27,27,27,36,36,42,42,19,75,66,66,66,65,65,65,0],"gold":11,"neow_bonus":"ONE_RARE_RELIC","is_prod":false,"is_daily":false,"chose_seed":false,"campfire_upgraded":6,"win_rate":0,"timestamp":1594109582,"path_taken":["M","M","M","M","M","R","E","?","T","?","$","R","M","M","R","BOSS","M","M","M","?","?","R","E","?","T","$","?","M","?","M","R","BOSS","M","$","?","M","?","R","E"],"build_version":"2020-01-27","purchased_purges":2,"victory":false,"max_hp_per_floor":[70,70,70,70,70,70,70,70,70,70,70,70,70,70,70,70,70,70,70,70,70,75,75,75,75,75,75,75,75,75,75,75,75,75,75,75,75,75,71,71,71],"card_choices":[{"not_picked":["Expertise","Outmaneuver"],"picked":"Dagger Spray","floor":1.0},{"not_picked":["Deadly Poison","Outmaneuver"],"picked":"Infinite Blades","floor":2.0},{"not_picked":["Dagger Spray","Eviscerate"],"picked":"Caltrops","floor":3.0},{"not_picked":["Expertise","Quick Slash"],"picked":"Footwork","floor":4.0},{"not_picked":["Terror","Distraction"],"picked":"Skewer","floor":5.0},{"not_picked":["Underhanded Strike","Deflect"],"picked":"Caltrops","floor":7.0},{"not_picked":["Slice","Infinite Blades+1"],"picked":"Well Laid Plans+1","floor":13},{"not_picked":["Calculated Gamble","Outmaneuver","Reflex"],"picked":"SKIP","floor":14},{"not_picked":["Venomology","Glass Knife"],"picked":"Corpse Explosion","floor":16},{"not_picked":["Cloak And Dagger","Poisoned Stab+1"],"picked":"Dash","floor":18},{"not_picked":["Deflect","Dagger Throw"],"picked":"Catalyst","floor":19},{"not_picked":["Masterful Stab","Catalyst+1"],"picked":"Adrenaline","floor":20},{"not_picked":["Terror","Dodge and Roll"],"picked":"Backflip+1","floor":24},{"not_picked":["Caltrops+1","Cloak And Dagger","Escape Plan"],"picked":"SKIP","floor":28},{"not_picked":["Deflect+1","Underhanded Strike"],"picked":"Terror","floor":29},{"not_picked":["Sucker Punch+1","Underhanded Strike"],"picked":"Poisoned Stab+1","floor":31},{"not_picked":["Phantasmal Killer","Corpse Explosion"],"picked":"Glass Knife","floor":33},{"not_picked":["Flying Knee+1","Outmaneuver"],"picked":"Bane+1","floor":35},{"not_picked":["Cloak And Dagger+1","Distraction"],"picked":"Bane+1","floor":38}],"player_experience":85528,"relics_obtained":[{"floor":7.0,"key":"Meat on the Bone"},{"floor":9.0,"key":"Frozen Egg 2"},{"floor":24,"key":"Bird Faced Urn"}],"event_choices":[{"damage_healed":0.0,"max_hp_gain":0.0,"max_hp_loss":0.0,"gold_gain":0.0,"event_name":"The Woman in Blue","player_choice":"Bought 0 Potions","floor":8.0,"gold_loss":0.0,"damage_taken":0.0},{"cards_removed":["Strike_G"],"damage_healed":0,"gold_gain":0,"player_choice":"Gave Gold","damage_taken":0,"max_hp_gain":0,"max_hp_loss":0,"event_name":"Beggar","floor":21,"gold_loss":75},{"damage_healed":0,"gold_gain":0,"player_choice":"Shed Blood","damage_taken":18,"max_hp_gain":5,"max_hp_loss":0,"event_name":"Forgotten Altar","floor":22,"gold_loss":0},{"damage_healed":0,"gold_gain":0,"player_choice":"Joined the Cult","damage_taken":6,"max_hp_gain":0,"max_hp_loss":0,"event_name":"Nest","floor":25,"gold_loss":0,"cards_obtained":["RitualDagger"]},{"damage_healed":0,"gold_gain":0,"player_choice":"Ignored","damage_taken":0,"max_hp_gain":0,"max_hp_loss":0,"event_name":"The Mausoleum","floor":30,"gold_loss":0},{"damage_healed":0,"gold_gain":0,"player_choice":"Paid","damage_taken":0,"relics_obtained":["Red Mask"],"max_hp_gain":0,"max_hp_loss":0,"event_name":"Tomb of Lord Red Mask","floor":37,"gold_loss":44},{"damage_healed":0,"gold_gain":0,"player_choice":"Max HP","damage_taken":0,"max_hp_gain":0,"max_hp_loss":4,"event_name":"Winding Halls","floor":39,"gold_loss":0}],"is_beta":false,"boss_relics":[{"not_picked":["HoveringKite","Philosopher\u0027s Stone"],"picked":"Cursed Key"},{"not_picked":["SacredBark","Velvet Choker"],"picked":"Black Star"}],"items_purged_floors":[10,36],"is_endless":false,"potions_floor_spawned":[1,3,7,13,14,18,28],"killed_by":"Giant Head","ascension_level":3}