{"gold_per_floor":[116,135,135,135,85,85,120,120,171,183,70,80,80],"floor_reached":13,"playtime":964,"items_purged":["Strike_G"],"score":95,"play_id":"bbd0271a-6dd2-404e-8c72-24dd7f728e1e","local_time":"20200706054347","is_ascension_mode":true,"campfire_choices":[{"data":"Neutralize","floor":6,"key":"SMITH"},{"data":"Poisoned Stab","floor":8,"key":"SMITH"}],"neow_cost":"NONE","seed_source_timestamp":587912572362103,"circlet_count":0,"master_deck":["Strike_G","Strike_G","Defend_G","Defend_G","Defend_G","Defend_G","Defend_G","Survivor","Neutralize+1","Deadly Poison","Poisoned Stab+1","Prepared","Terror","Calculated Gamble","Caltrops","PiercingWail"],"relics":["Ring of the Snake","Omamori","Letter Opener","Calipers"],"potions_floor_usage":[13],"damage_taken":[{"damage":0,"enemies":"Cultist","floor":1,"turns":4},{"damage":7,"enemies":"Small Slimes","floor":2,"turns":3},{"damage":49,"enemies":"Gremlin Nob","floor":7,"turns":6},{"damage":1,"enemies":"Jaw Worm","floor":10,"turns":2},{"damage":5,"enemies":"2 Fungi Beasts","floor":12,"turns":3},{"damage":15,"enemies":"3 Sentries","floor":13,"turns":4}],"seed_played":"9095849494060144485","potions_obtained":[{"floor":10,"key":"Poison Potion"},{"floor":12,"key":"DistilledChaos"}],"is_trial":false,"path_per_floor":["M","M","?","?","?","R","E","R","T","M","$","M","E"],"character_chosen":"THE_SILENT","items_purchased":["Caltrops"],"campfire_rested":0,"item_purchase_floors":[11],"current_hp_per_floor":[70,63,63,63,63,63,14,14,14,13,13,8,0],"gold":80,"neow_bonus":"RANDOM_COMMON_RELIC","is_prod":false,"is_daily":false,"chose_seed":false,"campfire_upgraded":2,"win_rate":0,"timestamp":1594032227,"path_taken":["M","?","?","?","?","R","E","R","T","M","$","M","E"],"build_version":"2020-01-27","purchased_purges":1,"victory":false,"max_hp_per_floor":[70,70,70,70,70,70,70,70,70,70,70,70,70],"card_choices":[{"not_picked":["Bane","Eviscerate"],"picked":"Deadly Poison","floor":1},{"not_picked":["Eviscerate","Bane"],"picked":"Poisoned Stab","floor":2},{"not_picked":["Choke","Blade Dance"],"picked":"Terror","floor":7},{"not_picked":["Blade Dance","Deflect"],"picked":"Calculated Gamble","floor":10},{"not_picked":["Terror","Predator"],"picked":"PiercingWail","floor":12}],"player_experience":65468,"relics_obtained":[{"floor":7,"key":"Calipers"}],"event_choices":[{"damage_healed":0,"gold_gain":0,"cards_transformed":["Strike_G"],"player_choice":"Change","damage_taken":0,"max_hp_gain":0,"max_hp_loss":0,"event_name":"Living Wall","floor":3,"gold_loss":0,"cards_obtained":["Prepared"]},{"damage_healed":0,"gold_gain":0,"player_choice":"Box","damage_taken":0,"relics_obtained":["Letter Opener"],"max_hp_gain":0,"max_hp_loss":0,"event_name":"Big Fish","floor":4,"gold_loss":0,"cards_obtained":["Regret"]},{"cards_removed":["Strike_G"],"damage_healed":0,"gold_gain":0,"player_choice":"Card Removal","damage_taken":0,"max_hp_gain":0,"max_hp_loss":0,"event_name":"The Cleric","floor":5,"gold_loss":50}],"is_beta":false,"boss_relics":[],"items_purged_floors":[11],"is_endless":false,"potions_floor_spawned":[10,12],"killed_by":"3 Sentries","ascension_level":3}