{"gold_per_floor":[114,132,54,54,68,98,117,151,151,151,7,7,47,70,70,191,191,216,237,152,165,20,20,41,41,66,66,66,91,91,127,127,251,251,265,279,179,195,258,258,258,258,258,112,125,150,0,0,0,0],"floor_reached":50,"playtime":3441,"items_purged":["Strike_G","Strike_G"],"score":543,"play_id":"612d1da2-8215-474e-85f1-0f805420008f","local_time":"20200706105623","is_ascension_mode":true,"campfire_choices":[{"data":"Noxious Fumes","floor":10,"key":"SMITH"},{"data":"Neutralize","floor":15,"key":"SMITH"},{"data":"Well Laid Plans","floor":23,"key":"SMITH"},{"data":"Adrenaline","floor":25,"key":"SMITH"},{"data":"Predator","floor":28,"key":"SMITH"},{"data":"Dagger Spray","floor":32,"key":"SMITH"},{"floor":40,"key":"DIG"},{"floor":42,"key":"DIG"},{"floor":49,"key":"RECALL"}],"neow_cost":"NONE","seed_source_timestamp":604188808981436,"circlet_count":0,"master_deck":["Strike_G","Strike_G","Defend_G","Defend_G","Defend_G","Defend_G","Defend_G","Survivor","Neutralize+1","Quick Slash","Noxious Fumes+1","Dagger Throw","Deadly Poison","Dagger Spray+1","Predator+1","Adrenaline+1","Deadly Poison","Well Laid Plans+1","PiercingWail","Skewer+1","Adrenaline","Dagger Spray+1","Caltrops+1","Glass Knife","Prepared+1"],"relics":["Busted Crown","Meat on the Bone","Strawberry","WingedGreaves","Toolbox","Golden Idol","Velvet Choker","Nunchaku","Ancient Tea Set","Vajra","Sozu","Shovel","Oddly Smooth Stone","Pocketwatch","Lantern","HandDrill","Red Mask","Sundial"],"potions_floor_usage":[8,14,24,31,31,33,46],"damage_taken":[{"damage":12,"enemies":"Small Slimes","floor":1,"turns":6},{"damage":2,"enemies":"Jaw Worm","floor":2,"turns":6},{"damage":1,"enemies":"Cultist","floor":5,"turns":3},{"damage":21,"enemies":"Gremlin Nob","floor":6,"turns":5},{"damage":15,"enemies":"Large Slime","floor":7,"turns":6},{"damage":29,"enemies":"Lagavulin","floor":8,"turns":7},{"damage":4,"enemies":"Looter","floor":13,"turns":4},{"damage":6,"enemies":"Gremlin Gang","floor":14,"turns":2},{"damage":17,"enemies":"The Guardian","floor":16,"turns":10},{"damage":15,"enemies":"Chosen","floor":18,"turns":4},{"damage":16,"enemies":"Shell Parasite","floor":19,"turns":4},{"damage":0,"enemies":"Chosen and Byrds","floor":21,"turns":5},{"damage":13,"enemies":"Sentry and Sphere","floor":24,"turns":5},{"damage":2,"enemies":"Shelled Parasite and Fungi","floor":29,"turns":3},{"damage":15,"enemies":"Slavers","floor":31,"turns":4},{"damage":10,"enemies":"Champ","floor":33,"turns":11},{"damage":9,"enemies":"3 Shapes","floor":35,"turns":4},{"damage":10,"enemies":"Orb Walker","floor":36,"turns":4},{"damage":26,"enemies":"Transient","floor":38,"turns":5},{"damage":6,"enemies":"Mind Bloom Boss Battle","floor":39,"turns":7},{"damage":38,"enemies":"Spire Growth","floor":45,"turns":4},{"damage":12,"enemies":"Writhing Mass","floor":46,"turns":3},{"damage":21,"enemies":"Time Eater","floor":50,"turns":4}],"seed_played":"7341545941803362978","potions_obtained":[{"floor":2,"key":"Energy Potion"},{"floor":7,"key":"SteroidPotion"},{"floor":8,"key":"DistilledChaos"},{"floor":14,"key":"Fire Potion"},{"floor":21,"key":"BlessingOfTheForge"},{"floor":29,"key":"GamblersBrew"},{"floor":33,"key":"SkillPotion"}],"is_trial":false,"path_per_floor":["M","M","$","?","M","E","M","E","T","R","$","?","M","M","R","B",null,"M","M","?","M","$","R","M","R","T","?","R","M","$","E","R","B",null,"M","M","$","M","?","R","?","R","T","$","M","M","?","?","R","B"],"character_chosen":"THE_SILENT","items_purchased":["Noxious Fumes","Toolbox","Well Laid Plans","HandDrill"],"campfire_rested":0,"item_purchase_floors":[3,11,22,44],"current_hp_per_floor":[58,56,56,53,52,50,47,30,30,30,30,30,38,44,44,39,71,56,40,40,40,40,40,39,39,39,39,39,37,37,34,34,36,71,62,52,52,38,44,44,44,44,44,44,18,18,18,18,18,0],"gold":0,"neow_bonus":"BOSS_RELIC","is_prod":false,"is_daily":false,"chose_seed":false,"campfire_upgraded":6,"win_rate":0,"timestamp":1594050983,"path_taken":["M","M","$","?","M","E","M","E","T","R","$","?","M","M","R","BOSS","M","M","?","M","$","R","M","R","T","?","R","M","$","E","R","BOSS","M","M","$","M","?","R","?","R","T","$","?","M","?","?","R","BOSS"],"build_version":"2020-01-27","purchased_purges":2,"victory":false,"max_hp_per_floor":[70,70,70,70,70,77,77,77,77,77,77,71,71,71,71,71,71,71,71,71,71,71,71,71,71,71,71,71,71,71,71,71,71,71,71,71,71,71,71,71,71,71,71,71,71,71,71,71,71,71],"card_choices":[{"not_picked":["Deflect"],"picked":"SKIP","floor":1},{"not_picked":[],"picked":"Quick Slash","floor":2},{"not_picked":[],"picked":"Dagger Throw","floor":5},{"not_picked":["Distraction"],"picked":"SKIP","floor":6},{"not_picked":[],"picked":"Deadly Poison","floor":7},{"not_picked":[],"picked":"Dagger Spray","floor":8},{"not_picked":[],"picked":"Predator","floor":13},{"not_picked":["Masterful Stab"],"picked":"SKIP","floor":14},{"not_picked":[],"picked":"Adrenaline","floor":16},{"not_picked":[],"picked":"Deadly Poison","floor":18},{"not_picked":["Cloak And Dagger+1"],"picked":"SKIP","floor":19},{"not_picked":["Slice"],"picked":"SKIP","floor":21},{"not_picked":[],"picked":"PiercingWail","floor":24},{"not_picked":[],"picked":"Skewer+1","floor":29},{"not_picked":[],"picked":"Backstab","floor":31},{"not_picked":[],"picked":"Adrenaline","floor":33},{"not_picked":["Acrobatics+1"],"picked":"SKIP","floor":35},{"not_picked":["Acrobatics"],"picked":"SKIP","floor":36},{"not_picked":[],"picked":"Dagger Spray+1","floor":38},{"not_picked":[],"picked":"Caltrops+1","floor":39},{"not_picked":["Eviscerate"],"picked":"SKIP","floor":45},{"not_picked":[],"picked":"Prepared+1","floor":46}],"player_experience":80558,"relics_obtained":[{"floor":6,"key":"Strawberry"},{"floor":8,"key":"WingedGreaves"},{"floor":26,"key":"Ancient Tea Set"},{"floor":31,"key":"Vajra"},{"floor":39,"key":"Shovel"},{"floor":40,"key":"Oddly Smooth Stone"},{"floor":42,"key":"Pocketwatch"},{"floor":43,"key":"Lantern"}],"event_choices":[{"damage_healed":0,"gold_gain":0,"player_choice":"Success","damage_taken":3,"relics_obtained":["Meat on the Bone"],"max_hp_gain":0,"max_hp_loss":0,"event_name":"Scrap Ooze","floor":4,"gold_loss":0},{"damage_healed":0,"gold_gain":0,"player_choice":"Lose Max HP","damage_taken":0,"relics_obtained":["Golden Idol"],"max_hp_gain":0,"max_hp_loss":6,"event_name":"Golden Idol","floor":12,"gold_loss":0},{"damage_healed":0,"gold_gain":0,"player_choice":"Obtained Relic","damage_taken":0,"relics_obtained":["Nunchaku"],"max_hp_gain":0,"max_hp_loss":0,"event_name":"Addict","floor":20,"gold_loss":85},{"damage_healed":0,"gold_gain":0,"player_choice":"Ignored","damage_taken":0,"max_hp_gain":0,"max_hp_loss":0,"event_name":"The Mausoleum","floor":27,"gold_loss":0},{"damage_healed":0,"gold_gain":0,"player_choice":"Fight","damage_taken":0,"max_hp_gain":0,"max_hp_loss":0,"event_name":"MindBloom","floor":39,"gold_loss":0},{"damage_healed":0,"gold_gain":0,"cards_transformed":["Strike_G"],"player_choice":"Transformed","damage_taken":0,"max_hp_gain":0,"max_hp_loss":0,"event_name":"Transmorgrifier","floor":41,"gold_loss":0,"cards_obtained":["Glass Knife"]},{"damage_healed":0,"gold_gain":0,"player_choice":"Paid","damage_taken":0,"relics_obtained":["Red Mask"],"max_hp_gain":0,"max_hp_loss":0,"event_name":"Tomb of Lord Red Mask","floor":47,"gold_loss":150},{"cards_removed":["Backstab"],"damage_healed":0,"gold_gain":0,"player_choice":"Gave Card","damage_taken":0,"relics_obtained":["Sundial"],"max_hp_gain":0,"max_hp_loss":0,"event_name":"WeMeetAgain","floor":48,"gold_loss":0}],"is_beta":false,"boss_relics":[{"not_picked":["Empty Cage","Philosopher\u0027s Stone"],"picked":"Velvet Choker"},{"not_picked":["WristBlade","SacredBark"],"picked":"Sozu"}],"items_purged_floors":[22,37],"is_endless":false,"potions_floor_spawned":[2,7,8,14,21,29,33,38,39],"killed_by":"Time Eater","ascension_level":3}