{"gold_per_floor":[115,115,126,141,66,99,99,109,109,123,133,133],"floor_reached":12,"playtime":1059,"items_purged":["Strike_G"],"score":98,"play_id":"976ed47c-c5ed-4373-9a1c-5f07a8a04b19","local_time":"20200707080128","is_ascension_mode":true,"campfire_choices":[{"data":"Neutralize","floor":7,"key":"SMITH"}],"neow_cost":"NONE","seed_source_timestamp":682477725534682,"circlet_count":0,"master_deck":["Strike_G","Strike_G","Strike_G","Defend_G","Defend_G","Defend_G","Defend_G","Defend_G","Survivor","Neutralize+1","Well Laid Plans","Backstab","PiercingWail","PiercingWail","PiercingWail","Deadly Poison","Die Die Die"],"relics":["Ring of the Snake","Smiling Mask","Ornamental Fan"],"potions_floor_usage":[6],"damage_taken":[{"damage":0,"enemies":"Small Slimes","floor":1,"turns":4},{"damage":0,"enemies":"Cultist","floor":3,"turns":4},{"damage":0,"enemies":"Jaw Worm","floor":4,"turns":4},{"damage":29,"enemies":"3 Sentries","floor":6,"turns":20},{"damage":5,"enemies":"Lots of Slimes","floor":8,"turns":6},{"damage":8,"enemies":"Large Slime","floor":10,"turns":13},{"damage":0,"enemies":"3 Louse","floor":11,"turns":4},{"damage":35,"enemies":"Lagavulin","floor":12,"turns":8}],"seed_played":"-8709262142549463128","potions_obtained":[{"floor":3,"key":"Strength Potion"},{"floor":4,"key":"Block Potion"},{"floor":8,"key":"Explosive Potion"}],"is_trial":false,"path_per_floor":["M","?","M","M","$","E","R","M","T","M","M","E"],"character_chosen":"THE_SILENT","items_purchased":[],"campfire_rested":0,"item_purchase_floors":[],"current_hp_per_floor":[77,77,77,77,77,48,48,43,43,35,35,0],"gold":133,"neow_bonus":"TEN_PERCENT_HP_BONUS","is_prod":false,"is_daily":false,"chose_seed":false,"campfire_upgraded":1,"win_rate":0,"timestamp":1594126888,"path_taken":["M","?","M","M","$","E","R","M","T","M","M","E"],"build_version":"2020-01-27","purchased_purges":1,"victory":false,"max_hp_per_floor":[77,77,77,77,77,77,77,77,77,77,77,77],"card_choices":[{"not_picked":["Deflect","Slice"],"picked":"Well Laid Plans","floor":1},{"not_picked":["Backstab","Prepared"],"picked":"PiercingWail","floor":3},{"not_picked":["Expertise","Cloak And Dagger","Deadly Poison"],"picked":"SKIP","floor":4},{"not_picked":["Cloak And Dagger","Dagger Spray"],"picked":"PiercingWail","floor":6},{"not_picked":["Bouncing Flask","Quick Slash"],"picked":"PiercingWail","floor":8},{"not_picked":["Catalyst","Heel Hook"],"picked":"Deadly Poison","floor":10},{"not_picked":["Cloak And Dagger","Skewer"],"picked":"Die Die Die","floor":11}],"player_experience":97292,"relics_obtained":[{"floor":6,"key":"Smiling Mask"},{"floor":9,"key":"Ornamental Fan"}],"event_choices":[{"damage_healed":0,"gold_gain":0,"cards_transformed":["Strike_G"],"player_choice":"Transformed","damage_taken":0,"max_hp_gain":0,"max_hp_loss":0,"event_name":"Transmorgrifier","floor":2,"gold_loss":0,"cards_obtained":["Backstab"]}],"is_beta":false,"boss_relics":[],"items_purged_floors":[5],"is_endless":false,"potions_floor_spawned":[3,4,8],"killed_by":"Lagavulin","ascension_level":4}