{"gold_per_floor":[112,112,126,12,22,22,49,76,76,88,88,108,121,53,53,53],"floor_reached":16,"playtime":1109,"items_purged":["Strike_G"],"score":117,"play_id":"b638ba91-9d9e-4a28-80e3-c1d00413ee40","local_time":"20200706080725","is_ascension_mode":true,"campfire_choices":[{"data":"Wraith Form v2","floor":6,"key":"SMITH"},{"data":"Footwork","floor":11,"key":"SMITH"},{"data":"Footwork","floor":15,"key":"SMITH"}],"neow_cost":"TEN_PERCENT_HP_LOSS","seed_source_timestamp":596385287302890,"circlet_count":0,"master_deck":["Strike_G","Strike_G","Strike_G","Defend_G","Defend_G","Defend_G","Defend_G","Defend_G","Survivor","Neutralize","Wraith Form v2+1","Flying Knee","Dagger Spray","Footwork+1","Poisoned Stab","Footwork+1","Leg Sweep","Dagger Throw","Backflip","Crippling Poison"],"relics":["Ring of the Snake","Odd Mushroom","Gremlin Horn"],"potions_floor_usage":[8,16],"damage_taken":[{"damage":5,"enemies":"2 Louse","floor":1,"turns":4},{"damage":8,"enemies":"Small Slimes","floor":3,"turns":4},{"damage":0,"enemies":"Jaw Worm","floor":5,"turns":6},{"damage":2,"enemies":"The Mushroom Lair","floor":7,"turns":6},{"damage":1,"enemies":"3 Sentries","floor":8,"turns":11},{"damage":0,"enemies":"Red Slaver","floor":10,"turns":5},{"damage":3,"enemies":"3 Louse","floor":12,"turns":6},{"damage":0,"enemies":"2 Fungi Beasts","floor":13,"turns":5},{"damage":44,"enemies":"Hexaghost","floor":16,"turns":14}],"seed_played":"-6854393681210714085","potions_obtained":[{"floor":3,"key":"DuplicationPotion"},{"floor":5,"key":"BlessingOfTheForge"},{"floor":12,"key":"EssenceOfSteel"},{"floor":13,"key":"Explosive Potion"}],"is_trial":false,"path_per_floor":["M","?","M","$","M","R","?","E","T","M","R","M","M","$","R","B"],"character_chosen":"THE_SILENT","items_purchased":["Footwork","Crippling Poison"],"campfire_rested":0,"item_purchase_floors":[4,14],"current_hp_per_floor":[58,51,43,43,43,43,41,40,40,40,40,37,37,37,37,0],"gold":53,"neow_bonus":"THREE_RARE_CARDS","is_prod":false,"is_daily":false,"chose_seed":false,"campfire_upgraded":3,"win_rate":0,"timestamp":1594040845,"path_taken":["M","?","M","$","M","R","?","E","T","M","R","M","M","$","R","BOSS"],"build_version":"2020-01-27","purchased_purges":1,"victory":false,"max_hp_per_floor":[63,63,63,63,63,63,63,63,63,63,63,63,63,63,63,63],"card_choices":[{"not_picked":["Unload","Envenom"],"picked":"Wraith Form v2","floor":0},{"not_picked":["Cloak And Dagger","Underhanded Strike"],"picked":"Flying Knee","floor":1},{"not_picked":["Choke","Underhanded Strike"],"picked":"Dagger Spray","floor":3},{"not_picked":["Endless Agony","Sucker Punch"],"picked":"Poisoned Stab","floor":5},{"not_picked":["Bane","Expertise"],"picked":"Footwork","floor":7},{"not_picked":["Doppelganger","Finisher"],"picked":"Leg Sweep","floor":8},{"not_picked":["Reflex","Catalyst"],"picked":"Dagger Throw","floor":10},{"not_picked":["Sucker Punch","Acrobatics"],"picked":"Backflip","floor":12},{"not_picked":["Slice","Blade Dance","Eviscerate"],"picked":"SKIP","floor":13}],"player_experience":73841,"relics_obtained":[{"floor":7,"key":"Odd Mushroom"},{"floor":8,"key":"Gremlin Horn"}],"event_choices":[{"cards_removed":["Strike_G"],"damage_healed":0,"gold_gain":0,"player_choice":"Card Removal","damage_taken":7,"max_hp_gain":0,"max_hp_loss":0,"event_name":"Golden Wing","floor":2,"gold_loss":0},{"damage_healed":0,"gold_gain":0,"player_choice":"Fought Mushrooms","damage_taken":0,"max_hp_gain":0,"max_hp_loss":0,"event_name":"Mushrooms","floor":7,"gold_loss":0}],"is_beta":false,"boss_relics":[],"items_purged_floors":[4],"is_endless":false,"potions_floor_spawned":[3,5,12,13],"killed_by":"Hexaghost","ascension_level":3}