{"gold_per_floor":[110,123,123,123,143,175,175,175],"floor_reached":8,"playtime":573,"items_purged":[],"score":67,"play_id":"2f370762-69da-49d9-b464-b595d1eb8658","local_time":"20200707081112","is_ascension_mode":true,"campfire_choices":[{"data":"Neutralize","floor":7,"key":"SMITH"}],"neow_cost":"NONE","seed_source_timestamp":683547151220439,"circlet_count":0,"master_deck":["Strike_G","Strike_G","Strike_G","Strike_G","Defend_G","Defend_G","Defend_G","Defend_G","Defend_G","Survivor","Neutralize+1","Prepared","PiercingWail","Quick Slash","Footwork"],"relics":["Ring of the Snake","Strawberry","PreservedInsect"],"potions_floor_usage":[8],"damage_taken":[{"damage":1,"enemies":"Small Slimes","floor":1,"turns":3},{"damage":0,"enemies":"Cultist","floor":2,"turns":4},{"damage":0,"enemies":"2 Louse","floor":5,"turns":3},{"damage":43,"enemies":"3 Sentries","floor":6,"turns":15},{"damage":29,"enemies":"Gremlin Nob","floor":8,"turns":6}],"seed_played":"-1213803806265091401","potions_obtained":[{"floor":1,"key":"LiquidBronze"},{"floor":6,"key":"SpeedPotion"}],"is_trial":false,"path_per_floor":["M","M","?","?","M","E","R","E"],"character_chosen":"THE_SILENT","items_purchased":[],"campfire_rested":0,"item_purchase_floors":[],"current_hp_per_floor":[76,76,76,83,83,40,40,11],"gold":175,"neow_bonus":"TEN_PERCENT_HP_BONUS","is_prod":false,"is_daily":false,"chose_seed":false,"campfire_upgraded":1,"win_rate":0,"timestamp":1594127472,"path_taken":["M","M","?","?","M","E","R","E"],"build_version":"2020-01-27","purchased_purges":0,"victory":false,"max_hp_per_floor":[77,77,77,84,84,84,84,84],"card_choices":[{"not_picked":["Tactician","Acrobatics"],"picked":"Prepared","floor":1},{"not_picked":["Deadly Poison","Concentrate"],"picked":"PiercingWail","floor":2},{"not_picked":["Prepared","Dodge and Roll"],"picked":"Quick Slash","floor":5},{"not_picked":["Escape Plan","Underhanded Strike"],"picked":"Footwork","floor":6}],"player_experience":98351,"relics_obtained":[{"floor":6,"key":"PreservedInsect"}],"event_choices":[{"cards_removed":["Strike_G"],"damage_healed":0,"gold_gain":0,"player_choice":"Forget","damage_taken":0,"max_hp_gain":0,"max_hp_loss":0,"event_name":"Living Wall","floor":3,"gold_loss":0},{"damage_healed":0,"gold_gain":0,"player_choice":"Gave Potion","damage_taken":0,"relics_obtained":["Strawberry"],"max_hp_gain":0,"max_hp_loss":0,"event_name":"WeMeetAgain","floor":4,"gold_loss":0}],"is_beta":false,"boss_relics":[],"items_purged_floors":[],"is_endless":false,"potions_floor_spawned":[1,6],"killed_by":"Gremlin Nob","ascension_level":4}