{"gold_per_floor":[116,136,136,86,86,86,117,127,152,152],"floor_reached":10,"playtime":513,"items_purged":["Strike_G"],"score":76,"play_id":"4d31eee3-cb52-4da8-a234-eb608760acad","local_time":"20200707032840","is_ascension_mode":true,"campfire_choices":[{"data":"Dash","floor":6,"key":"SMITH"}],"neow_cost":"NONE","seed_source_timestamp":666655312942154,"circlet_count":0,"master_deck":["Strike_G","Strike_G","Strike_G","Strike_G","Defend_G","Defend_G","Defend_G","Defend_G","Defend_G","Survivor","Neutralize+1","Dash+1","Regret","All Out Attack"],"relics":["Ring of the Snake","Smiling Mask","Matryoshka","InkBottle"],"potions_floor_usage":[8],"damage_taken":[{"damage":9,"enemies":"Jaw Worm","floor":1,"turns":6},{"damage":2,"enemies":"Small Slimes","floor":2,"turns":5},{"damage":15,"enemies":"Gremlin Nob","floor":7,"turns":6},{"damage":1,"enemies":"2 Louse","floor":8,"turns":2},{"damage":54,"enemies":"3 Sentries","floor":10,"turns":12}],"seed_played":"826985287976729611","potions_obtained":[{"floor":1,"key":"GamblersBrew"},{"floor":2,"key":"Energy Potion"}],"is_trial":false,"path_per_floor":["M","M","?","$","?","R","E","M","T","E"],"character_chosen":"THE_SILENT","items_purchased":[],"campfire_rested":0,"item_purchase_floors":[],"current_hp_per_floor":[68,66,66,66,66,66,51,50,50,0],"gold":152,"neow_bonus":"TEN_PERCENT_HP_BONUS","is_prod":false,"is_daily":false,"chose_seed":false,"campfire_upgraded":1,"win_rate":0,"timestamp":1594110520,"path_taken":["M","M","?","$","?","R","E","M","T","E"],"build_version":"2020-01-27","purchased_purges":1,"victory":false,"max_hp_per_floor":[77,77,77,77,77,77,77,77,77,77],"card_choices":[{"not_picked":["Dodge and Roll","Expertise"],"picked":"Dash","floor":1},{"not_picked":["Dagger Spray","Slice","Underhanded Strike"],"picked":"SKIP","floor":2},{"not_picked":["Acrobatics","Deflect","Caltrops"],"picked":"SKIP","floor":7},{"not_picked":["Expertise","Dodge and Roll"],"picked":"All Out Attack","floor":8}],"player_experience":90953,"relics_obtained":[{"floor":7,"key":"Matryoshka"},{"floor":9,"key":"InkBottle"}],"event_choices":[{"damage_healed":0,"gold_gain":0,"player_choice":"Box","damage_taken":0,"relics_obtained":["Smiling Mask"],"max_hp_gain":0,"max_hp_loss":0,"event_name":"Big Fish","floor":3,"gold_loss":0,"cards_obtained":["Regret"]},{"damage_healed":0,"gold_gain":0,"player_choice":"Grow","damage_taken":0,"max_hp_gain":0,"max_hp_loss":0,"event_name":"Living Wall","floor":5,"gold_loss":0,"cards_upgraded":["Neutralize"]}],"is_beta":false,"boss_relics":[],"items_purged_floors":[4],"is_endless":false,"potions_floor_spawned":[1,2],"killed_by":"3 Sentries","ascension_level":3}