{"gold_per_floor":[124,152,180,267,279,291,333,361,373,385],"floor_reached":10,"playtime":494,"items_purged":[],"score":78,"play_id":"53ff0937-6b15-4709-b83d-113eb417febf","local_time":"20200706071739","is_ascension_mode":true,"campfire_choices":[{"data":"Neutralize","floor":6,"key":"SMITH"}],"neow_cost":"NONE","seed_source_timestamp":594014601869014,"circlet_count":0,"master_deck":["Strike_G","Strike_G","Strike_G+1","Strike_G","Strike_G","Defend_G","Defend_G","Defend_G","Defend_G","Defend_G","Survivor","Neutralize+1","CurseOfTheBell","Bouncing Flask","Poisoned Stab","Poisoned Stab+1","Dagger Spray"],"relics":["Calling Bell","MawBank","Pantograph","Bird Faced Urn","Vajra"],"potions_floor_usage":[1,7,10],"damage_taken":[{"damage":12,"enemies":"Small Slimes","floor":1,"turns":5},{"damage":0,"enemies":"2 Louse","floor":2,"turns":3},{"damage":7,"enemies":"Jaw Worm","floor":3,"turns":3},{"damage":12,"enemies":"Lagavulin","floor":7,"turns":5},{"damage":5,"enemies":"Red Slaver","floor":8,"turns":3},{"damage":17,"enemies":"3 Sentries","floor":10,"turns":4}],"seed_played":"2314210996699438583","potions_obtained":[{"floor":1,"key":"Fruit Juice"},{"floor":2,"key":"Poison Potion"},{"floor":8,"key":"Weak Potion"}],"is_trial":false,"path_per_floor":["M","M","M","?","?","R","E","M","T","E"],"character_chosen":"THE_SILENT","items_purchased":[],"campfire_rested":0,"item_purchase_floors":[],"current_hp_per_floor":[63,63,56,45,30,30,18,13,13,0],"gold":385,"neow_bonus":"BOSS_RELIC","is_prod":false,"is_daily":false,"chose_seed":false,"campfire_upgraded":1,"win_rate":0,"timestamp":1594037859,"path_taken":["M","M","M","?","?","R","E","M","T","E"],"build_version":"2020-01-27","purchased_purges":0,"victory":false,"max_hp_per_floor":[75,75,75,75,75,75,75,75,75,75],"card_choices":[{"not_picked":["Slice","Bane"],"picked":"Bouncing Flask","floor":1},{"not_picked":["Flying Knee","Dagger Throw"],"picked":"Poisoned Stab","floor":2},{"not_picked":["Flying Knee","Bouncing Flask"],"picked":"Poisoned Stab","floor":3},{"not_picked":["Choke","Blade Dance"],"picked":"Dagger Spray","floor":7},{"not_picked":["Slice","Accuracy","Outmaneuver"],"picked":"SKIP","floor":8}],"player_experience":71498,"relics_obtained":[{"floor":0,"key":"MawBank"},{"floor":0,"key":"Pantograph"},{"floor":0,"key":"Bird Faced Urn"},{"floor":7,"key":"Vajra"}],"event_choices":[{"damage_healed":0,"gold_gain":75,"player_choice":"Gather Gold","damage_taken":11,"max_hp_gain":0,"max_hp_loss":0,"event_name":"World of Goop","floor":4,"gold_loss":0},{"damage_healed":0,"gold_gain":0,"player_choice":"Entered Light","damage_taken":15,"max_hp_gain":0,"max_hp_loss":0,"event_name":"Shining Light","floor":5,"gold_loss":0,"cards_upgraded":["Poisoned Stab","Strike_G"]}],"is_beta":false,"boss_relics":[],"items_purged_floors":[],"is_endless":false,"potions_floor_spawned":[1,2,8],"killed_by":"3 Sentries","ascension_level":3}