{"gold_per_floor":[112,124,143,158,158,158,6,6,6,36,36,47,47,63,63,159,159,179,30,50,68,68,68,68,96,145,164,164,177,30,59,59,154,154,164,64,64,64,64,64,83,83,83,83,83,83,100,100,100,100],"floor_reached":50,"playtime":4081,"items_purged":["Strike_G","Strike_G+1"],"score":550,"play_id":"c921cf9e-c2ff-4f2b-b5de-5dbaafafca9b","local_time":"20200706094158","is_ascension_mode":true,"campfire_choices":[{"data":"Glass Knife","floor":6,"key":"SMITH"},{"data":"Neutralize","floor":8,"key":"SMITH"},{"data":"Dash","floor":15,"key":"SMITH"},{"data":"Venomology","floor":23,"key":"SMITH"},{"data":"RitualDagger","floor":28,"key":"SMITH"},{"data":"Envenom","floor":32,"key":"SMITH"},{"data":"Well Laid Plans","floor":40,"key":"SMITH"},{"floor":42,"key":"RECALL"},{"data":"A Thousand Cuts","floor":44,"key":"SMITH"},{"data":"Backflip","floor":46,"key":"SMITH"},{"data":"Dash","floor":49,"key":"SMITH"}],"neow_cost":"NONE","seed_source_timestamp":599056071716013,"circlet_count":0,"master_deck":["Strike_G+1","Strike_G+1","Strike_G+1","Defend_G+1","Defend_G+1","Defend_G+1","Defend_G+1","Defend_G+1","Survivor","Neutralize+1","Dash+1","PiercingWail","Glass Knife+1","Flying Knee","Well Laid Plans+1","Venomology+1","Dash+1","A Thousand Cuts+1","Backflip+1","Deadly Poison+1","RitualDagger+1","Poisoned Stab","Envenom+1","Backstab","PiercingWail+1","Wraith Form v2+1","Caltrops+1","Venomology+1","Noxious Fumes+1","PiercingWail+1","Sadistic Nature+1"],"relics":["Ring of the Snake","Meat on the Bone","Orichalcum","Vajra","Velvet Choker","Snake Skull","WingedGreaves","Toy Ornithopter","Frozen Egg 2","HoveringKite"],"potions_floor_usage":[14,16,16,18,20,21,21,25,25,27,29,31,31,33,35,41,47,47,47,47,50],"damage_taken":[{"damage":0,"enemies":"Small Slimes","floor":1,"turns":4},{"damage":0,"enemies":"2 Louse","floor":2,"turns":3},{"damage":0,"enemies":"Cultist","floor":3,"turns":4},{"damage":0,"enemies":"2 Fungi Beasts","floor":4,"turns":4},{"damage":11,"enemies":"3 Sentries","floor":10,"turns":11},{"damage":3,"enemies":"Large Slime","floor":12,"turns":4},{"damage":1,"enemies":"Exordium Thugs","floor":14,"turns":3},{"damage":15,"enemies":"The Guardian","floor":16,"turns":8},{"damage":2,"enemies":"Chosen","floor":18,"turns":3},{"damage":6,"enemies":"Spheric Guardian","floor":20,"turns":3},{"damage":4,"enemies":"Centurion and Healer","floor":21,"turns":6},{"damage":11,"enemies":"Book of Stabbing","floor":25,"turns":5},{"damage":0,"enemies":"3 Cultists","floor":27,"turns":5},{"damage":3,"enemies":"Shelled Parasite and Fungi","floor":29,"turns":5},{"damage":6,"enemies":"Gremlin Leader","floor":31,"turns":6},{"damage":53,"enemies":"Automaton","floor":33,"turns":12},{"damage":4,"enemies":"Orb Walker","floor":35,"turns":3},{"damage":3,"enemies":"3 Shapes","floor":41,"turns":5},{"damage":22,"enemies":"Writhing Mass","floor":47,"turns":4},{"damage":73,"enemies":"Time Eater","floor":50,"turns":8}],"seed_played":"-6681349901501421821","potions_obtained":[{"floor":10,"key":"Fire Potion"},{"floor":12,"key":"CultistPotion"},{"floor":16,"key":"DistilledChaos"},{"floor":20,"key":"AttackPotion"},{"floor":25,"key":"Weak Potion"},{"floor":29,"key":"Regen Potion"},{"floor":31,"key":"SpeedPotion"},{"floor":41,"key":"SkillPotion"},{"floor":47,"key":"Fire Potion"}],"is_trial":false,"path_per_floor":["M","M","M","M","?","R","$","R","T","E","?","M","$","M","R","B",null,"M","$","M","M","?","R","?","E","T","M","R","M","$","E","R","B",null,"M","$","?","$","$","R","M","R","T","R","?","R","M","?","R","B"],"character_chosen":"THE_SILENT","items_purchased":["Well Laid Plans","Snake Skull","Envenom","Backstab"],"campfire_rested":0,"item_purchase_floors":[7,19,30,30],"current_hp_per_floor":[77,77,77,77,65,65,65,65,65,54,47,44,44,43,43,40,77,75,75,69,65,65,65,59,48,48,53,53,55,55,73,73,36,77,77,77,77,77,77,77,77,77,77,77,77,77,65,65,65,0],"gold":100,"neow_bonus":"TEN_PERCENT_HP_BONUS","is_prod":false,"is_daily":false,"chose_seed":false,"campfire_upgraded":10,"win_rate":0,"timestamp":1594046518,"path_taken":["M","M","M","M","?","R","$","R","T","E","?","M","$","M","R","BOSS","M","$","M","M","?","R","?","E","T","M","R","M","$","E","R","BOSS","M","$","?","?","$","R","?","R","T","R","?","R","?","?","R","BOSS"],"build_version":"2020-01-27","purchased_purges":2,"victory":false,"max_hp_per_floor":[77,77,77,77,77,77,77,77,77,77,77,77,77,77,77,77,77,77,77,77,77,77,77,77,77,77,77,77,77,77,77,77,77,77,77,77,77,77,77,77,77,77,77,77,77,77,77,77,77,77],"card_choices":[{"not_picked":["Dodge and Roll","Blade Dance"],"picked":"Dash","floor":1},{"not_picked":["Finisher","Quick Slash"],"picked":"PiercingWail","floor":2},{"not_picked":["Bouncing Flask","Dodge and Roll"],"picked":"Glass Knife","floor":3},{"not_picked":["Acrobatics","Deflect"],"picked":"Flying Knee","floor":4},{"not_picked":["Blade Dance","Terror"],"picked":"Venomology","floor":10},{"not_picked":["Blur","Deadly Poison"],"picked":"Dash","floor":12},{"not_picked":["Eviscerate","Prepared","Slice"],"picked":"SKIP","floor":14},{"not_picked":["Bullet Time","Night Terror"],"picked":"A Thousand Cuts","floor":16},{"not_picked":["Blade Dance","Sucker Punch"],"picked":"Backflip","floor":18},{"not_picked":["Finisher","Accuracy"],"picked":"Deadly Poison+1","floor":20},{"not_picked":["Tactician+1","Expertise","Blade Dance"],"picked":"SKIP","floor":21},{"not_picked":["Masterful Stab","Underhanded Strike"],"picked":"Poisoned Stab","floor":25},{"not_picked":["Well Laid Plans","Doppelganger","Deflect+1"],"picked":"SKIP","floor":27},{"not_picked":["Prepared","Dagger Throw","Heel Hook"],"picked":"SKIP","floor":29},{"not_picked":["Poisoned Stab+1","Blur"],"picked":"PiercingWail+1","floor":31},{"not_picked":["Malaise","Adrenaline"],"picked":"Wraith Form v2+1","floor":33},{"not_picked":["Poisoned Stab+1","Slice+1"],"picked":"Caltrops+1","floor":35},{"not_picked":["Distraction+1","Prepared+1"],"picked":"Noxious Fumes+1","floor":41},{"not_picked":["Underhanded Strike+1","Deflect"],"picked":"PiercingWail+1","floor":47},{"not_picked":["PanicButton","Mind Blast"],"picked":"Sadistic Nature+1","floor":48}],"player_experience":76477,"relics_obtained":[{"floor":9,"key":"Orichalcum"},{"floor":10,"key":"Vajra"},{"floor":25,"key":"WingedGreaves"},{"floor":26,"key":"Toy Ornithopter"},{"floor":31,"key":"Frozen Egg 2"}],"event_choices":[{"damage_healed":0,"gold_gain":0,"player_choice":"Success","damage_taken":12,"relics_obtained":["Meat on the Bone"],"max_hp_gain":0,"max_hp_loss":0,"event_name":"Scrap Ooze","floor":5,"gold_loss":0},{"damage_healed":0,"gold_gain":0,"player_choice":"Damaged","damage_taken":7,"max_hp_gain":0,"max_hp_loss":0,"event_name":"Wheel of Change","floor":11,"gold_loss":0},{"damage_healed":0,"gold_gain":0,"player_choice":"Simplicity","damage_taken":0,"max_hp_gain":0,"max_hp_loss":0,"event_name":"Back to Basics","floor":22,"gold_loss":0,"cards_upgraded":["Strike_G","Strike_G","Strike_G","Strike_G","Defend_G","Defend_G","Defend_G","Defend_G","Defend_G"]},{"damage_healed":0,"gold_gain":0,"player_choice":"Joined the Cult","damage_taken":6,"max_hp_gain":0,"max_hp_loss":0,"event_name":"Nest","floor":24,"gold_loss":0,"cards_obtained":["RitualDagger"]},{"damage_healed":0,"gold_gain":0,"player_choice":"Copied","damage_taken":0,"max_hp_gain":0,"max_hp_loss":0,"event_name":"Duplicator","floor":37,"gold_loss":0,"cards_obtained":["Venomology"]},{"damage_healed":0,"gold_gain":0,"player_choice":"Ignored","damage_taken":0,"max_hp_gain":0,"max_hp_loss":0,"event_name":"SecretPortal","floor":45,"gold_loss":0},{"damage_healed":0,"gold_gain":0,"player_choice":"Memory 1","damage_taken":0,"max_hp_gain":0,"max_hp_loss":0,"event_name":"SensoryStone","floor":48,"gold_loss":0}],"is_beta":false,"boss_relics":[{"not_picked":["Runic Dome","Empty Cage"],"picked":"Velvet Choker"},{"not_picked":["WristBlade","Sozu"],"picked":"HoveringKite"}],"items_purged_floors":[7,36],"is_endless":false,"potions_floor_spawned":[10,12,14,16,20,25,29,31,41,47],"killed_by":"Time Eater","ascension_level":3}