{"gold_per_floor":[114,114,130,149,138,138,165,165,190,219,294,294,345,31,31,134,134,144,160,4,15,15,15,38,68,141,156,56,72,107,122,122,221,221,234,244,244,258,258,291,291,308,334,351,351,397,96,96],"floor_reached":48,"playtime":3049,"items_purged":["Strike_G","Strike_G"],"score":630,"play_id":"3386ba63-ab64-4c52-a286-0adb95a62499","local_time":"20200707094020","is_ascension_mode":true,"campfire_choices":[{"data":"All Out Attack","floor":6.0,"key":"SMITH"},{"data":"Neutralize","floor":8.0,"key":"SMITH"},{"floor":12.0,"key":"REST"},{"data":"Bane","floor":15.0,"key":"SMITH"},{"data":"Footwork","floor":23.0,"key":"SMITH"},{"data":"Corpse Explosion","floor":32.0,"key":"SMITH"},{"data":"Noxious Fumes","floor":41.0,"key":"SMITH"}],"neow_cost":"TEN_PERCENT_HP_LOSS","seed_source_timestamp":686269713884468,"circlet_count":0,"master_deck":["Strike_G+1","Strike_G","Strike_G","Defend_G","Defend_G","Defend_G","Defend_G","Defend_G","Survivor","Neutralize+1","Quick Slash+1","All Out Attack+1","Bane+1","Footwork+1","Poisoned Stab","Backflip","Corpse Explosion+1","Skewer+1","Crippling Poison+1","Poisoned Stab","Noxious Fumes+1","Prepared","PiercingWail+1","PiercingWail","Crippling Poison+1"],"special_seed":0,"relics":["Ring of the Snake","Incense Burner","Vajra","Art of War","Odd Mushroom","MawBank","Meat on the Bone","SacredBark","Frozen Eye","Snake Skull","Boot","Bottled Lightning","Pen Nib","Coffee Dripper","Pantograph","Regal Pillow","TungstenRod","ClockworkSouvenir","Nunchaku"],"potions_floor_usage":[44,44],"damage_taken":[{"damage":1.0,"enemies":"Jaw Worm","floor":1.0,"turns":7.0},{"damage":0.0,"enemies":"2 Louse","floor":3.0,"turns":3.0},{"damage":0.0,"enemies":"Cultist","floor":4.0,"turns":3.0},{"damage":3.0,"enemies":"Exordium Thugs","floor":5.0,"turns":4.0},{"damage":22.0,"enemies":"Lagavulin","floor":7.0,"turns":8.0},{"damage":5.0,"enemies":"The Mushroom Lair","floor":10.0,"turns":2.0},{"damage":6.0,"enemies":"Hexaghost","floor":16.0,"turns":9.0},{"damage":12.0,"enemies":"3 Byrds","floor":18.0,"turns":2.0},{"damage":9.0,"enemies":"Shell Parasite","floor":19.0,"turns":8.0},{"damage":0.0,"enemies":"Centurion and Healer","floor":21.0,"turns":5.0},{"damage":0.0,"enemies":"Slavers","floor":25.0,"turns":1.0},{"damage":1.0,"enemies":"Shelled Parasite and Fungi","floor":27.0,"turns":5.0},{"damage":0.0,"enemies":"3 Cultists","floor":29.0,"turns":2.0},{"damage":4.0,"enemies":"Gremlin Leader","floor":30.0,"turns":5.0},{"damage":9.0,"enemies":"Chosen and Byrds","floor":31.0,"turns":4.0},{"damage":35.0,"enemies":"Collector","floor":33.0,"turns":6.0},{"damage":0.0,"enemies":"3 Shapes","floor":35.0,"turns":1.0},{"damage":0.0,"enemies":"3 Darklings","floor":36.0,"turns":2.0},{"damage":5.0,"enemies":"Sphere and 2 Shapes","floor":38.0,"turns":5.0},{"damage":26.0,"enemies":"Nemesis","floor":40.0,"turns":7.0},{"damage":0.0,"enemies":"Jaw Worm Horde","floor":42.0,"turns":2.0},{"damage":23,"enemies":"Spire Growth","floor":44,"turns":3},{"damage":15,"enemies":"2 Orb Walkers","floor":46,"turns":4},{"damage":20,"enemies":"Transient","floor":48,"turns":5}],"seed_played":"-8663862462747435518","potions_obtained":[{"floor":5.0,"key":"Fire Potion"},{"floor":7.0,"key":"Block Potion"},{"floor":10.0,"key":"Poison Potion"},{"floor":18.0,"key":"Strength Potion"},{"floor":25.0,"key":"SneckoOil"},{"floor":29.0,"key":"Poison Potion"},{"floor":30.0,"key":"FearPotion"},{"floor":35.0,"key":"Poison Potion"},{"floor":36.0,"key":"Explosive Potion"},{"floor":46,"key":"Fire Potion"}],"is_trial":false,"path_per_floor":["M","?","M","M","M","R","E","R","T","?","?","R","T","$","R","B",null,"M","M","$","M","$","R","T","E","T","M","$","M","E","M","R","B",null,"M","M","$","M","?","E","R","M","T","M","?","?","$","M"],"character_chosen":"THE_SILENT","items_purchased":["Meat on the Bone","Frozen Eye","ClockworkSouvenir","Nunchaku"],"campfire_rested":1,"item_purchase_floors":[14,20,47,47],"current_hp_per_floor":[62,49,49,49,46,46,24,24,24,19,8,26,26,26,26,32,63,51,42,42,42,42,42,42,42,42,41,41,41,37,40,40,17,63,63,63,63,58,58,32,32,32,32,21,21,18,18,0],"gold":96,"neow_bonus":"ONE_RARE_RELIC","is_prod":false,"is_daily":false,"chose_seed":false,"campfire_upgraded":6,"win_rate":0,"timestamp":1594132820,"path_taken":["M","?","M","M","M","R","E","R","T","?","?","R","?","$","R","BOSS","M","M","$","M","?","R","?","E","T","M","$","M","E","M","R","BOSS","M","M","$","M","?","E","R","M","T","M","?","?","$","M"],"build_version":"2020-01-27","purchased_purges":2,"victory":false,"max_hp_per_floor":[63,63,63,63,63,63,63,63,63,63,63,63,63,63,63,63,63,63,63,63,63,63,63,63,63,63,63,63,63,63,63,63,63,63,63,63,63,63,63,63,63,63,63,63,63,63,63,63],"card_choices":[{"not_picked":["Backflip","Blur"],"picked":"Quick Slash","floor":1.0},{"not_picked":["Caltrops","Heel Hook"],"picked":"All Out Attack","floor":3.0},{"not_picked":["Deflect","Backflip"],"picked":"Bane","floor":4.0},{"not_picked":["Flying Knee","Riddle With Holes"],"picked":"Footwork","floor":5.0},{"not_picked":["Slice","Flechettes"],"picked":"Poisoned Stab","floor":7.0},{"not_picked":["Reflex","Dagger Spray"],"picked":"Backflip","floor":10.0},{"not_picked":["Envenom","Storm of Steel"],"picked":"Corpse Explosion","floor":16.0},{"not_picked":["Dagger Throw","Dodge and Roll"],"picked":"Skewer+1","floor":18.0},{"not_picked":["Deadly Poison+1","Dagger Throw"],"picked":"Crippling Poison+1","floor":19.0},{"not_picked":["Blade Dance","Leg Sweep"],"picked":"Dagger Throw+1","floor":21.0},{"not_picked":["Underhanded Strike","Dagger Throw","Concentrate"],"picked":"SKIP","floor":25.0},{"not_picked":["Tactician","Dagger Spray"],"picked":"Poisoned Stab","floor":27.0},{"not_picked":["Slice","Underhanded Strike+1","Phantasmal Killer"],"picked":"SKIP","floor":29.0},{"not_picked":["Blade Dance","Skewer","Deflect"],"picked":"SKIP","floor":30.0},{"not_picked":["Quick Slash","Outmaneuver+1","Expertise"],"picked":"SKIP","floor":31.0},{"not_picked":["Deadly Poison+1","Dash+1"],"picked":"Noxious Fumes","floor":35.0},{"not_picked":["Deadly Poison","Calculated Gamble"],"picked":"Prepared","floor":36.0},{"not_picked":["Quick Slash","Terror"],"picked":"PiercingWail+1","floor":38.0},{"not_picked":["Outmaneuver","Endless Agony+1"],"picked":"PiercingWail","floor":40.0},{"not_picked":["Quick Slash","Heel Hook+1","Sucker Punch"],"picked":"SKIP","floor":42.0},{"not_picked":["Escape Plan+1","Sucker Punch+1","Well Laid Plans"],"picked":"SKIP","floor":44},{"not_picked":["Sucker Punch","Underhanded Strike"],"picked":"Crippling Poison+1","floor":46}],"player_experience":101043,"relics_obtained":[{"floor":7.0,"key":"Vajra"},{"floor":9.0,"key":"Art of War"},{"floor":10.0,"key":"Odd Mushroom"},{"floor":13.0,"key":"MawBank"},{"floor":24.0,"key":"Snake Skull"},{"floor":25.0,"key":"Boot"},{"floor":26.0,"key":"Bottled Lightning"},{"floor":30.0,"key":"Pen Nib"},{"floor":40.0,"key":"Pantograph"},{"floor":43.0,"key":"Regal Pillow"},{"floor":46,"key":"TungstenRod"}],"event_choices":[{"damage_healed":0.0,"max_hp_gain":0.0,"max_hp_loss":0.0,"gold_gain":0.0,"event_name":"Shining Light","player_choice":"Entered Light","floor":2.0,"gold_loss":0.0,"damage_taken":13.0,"cards_upgraded":["Quick Slash","Strike_G"]},{"damage_healed":0.0,"max_hp_gain":0.0,"max_hp_loss":0.0,"gold_gain":0.0,"event_name":"Mushrooms","player_choice":"Fought Mushrooms","floor":10.0,"gold_loss":0.0,"damage_taken":0.0},{"damage_healed":0.0,"max_hp_gain":0.0,"max_hp_loss":0.0,"gold_gain":75.0,"event_name":"World of Goop","player_choice":"Gather Gold","floor":11.0,"gold_loss":0.0,"damage_taken":11.0},{"cards_removed":["Dagger Throw"],"damage_healed":0.0,"max_hp_gain":0.0,"max_hp_loss":0.0,"gold_gain":0.0,"event_name":"Falling","player_choice":"Removed Attack","floor":39.0,"gold_loss":0.0,"damage_taken":0.0},{"damage_healed":0,"gold_gain":0,"player_choice":"Ignored","damage_taken":0,"max_hp_gain":0,"max_hp_loss":0,"event_name":"Tomb of Lord Red Mask","floor":45,"gold_loss":0},{"damage_healed":0,"gold_gain":0,"player_choice":"Fight","damage_taken":0,"max_hp_gain":0,"max_hp_loss":0,"event_name":"Mysterious Sphere","floor":46,"gold_loss":0}],"is_beta":false,"boss_relics":[{"not_picked":["Philosopher\u0027s Stone","Runic Dome"],"picked":"SacredBark"},{"not_picked":["Black Star","SlaversCollar"],"picked":"Coffee Dripper"}],"items_purged_floors":[14,28],"is_endless":false,"potions_floor_spawned":[5,7,10,18,25,29,30,35,36,46],"killed_by":"Transient","ascension_level":4}