{"gold_per_floor":[117,134,153,165,182,257,257,283,310,310],"floor_reached":10,"playtime":928,"items_purged":[],"score":84,"play_id":"be4ed7f5-ffd1-4550-a126-a8bc95c68315","local_time":"20200826030854","is_ascension_mode":true,"campfire_choices":[{"data":"Footwork","floor":7.0,"key":"SMITH"}],"neow_cost":"PERCENT_DAMAGE","seed_source_timestamp":720153563996087,"circlet_count":0,"master_deck":["Strike_G","Strike_G","Strike_G","Strike_G","Strike_G","Defend_G","Defend_G","Defend_G","Defend_G","Defend_G","Survivor","Neutralize","Footwork+1","Acrobatics","Skewer","Deadly Poison","Dodge and Roll"],"special_seed":0,"relics":["Ring of the Snake","PreservedInsect","Blood Vial"],"potions_floor_usage":[],"damage_taken":[{"damage":0.0,"enemies":"Small Slimes","floor":1.0,"turns":5.0},{"damage":0.0,"enemies":"Jaw Worm","floor":2.0,"turns":5.0},{"damage":0.0,"enemies":"Cultist","floor":3.0,"turns":6.0},{"damage":3.0,"enemies":"2 Fungi Beasts","floor":4.0,"turns":4.0},{"damage":10.0,"enemies":"3 Louse","floor":5.0,"turns":5.0},{"damage":30.0,"enemies":"3 Sentries","floor":8.0,"turns":10.0},{"damage":27,"enemies":"Exordium Thugs","floor":10,"turns":4}],"seed_played":"-2155071697244581273","potions_obtained":[{"floor":1.0,"key":"CunningPotion"},{"floor":2.0,"key":"Dexterity Potion"},{"floor":3.0,"key":"Explosive Potion"}],"is_trial":false,"path_per_floor":["M","M","M","M","M","?","R","E","T","M"],"character_chosen":"THE_SILENT","items_purchased":[],"campfire_rested":0,"item_purchase_floors":[],"current_hp_per_floor":[63,63,63,60,50,39,39,9,9,0],"gold":310,"neow_bonus":"TWENTY_PERCENT_HP_BONUS","is_prod":false,"is_daily":false,"chose_seed":false,"campfire_upgraded":1,"win_rate":0,"timestamp":1598429334,"path_taken":["M","M","M","M","M","?","R","E","T","M"],"build_version":"2020-07-30","purchased_purges":0,"victory":false,"max_hp_per_floor":[84,84,84,84,84,84,84,84,84,84],"card_choices":[{"not_picked":["Catalyst","Acrobatics"],"picked":"Footwork","floor":1.0},{"not_picked":["Underhanded Strike","Bane"],"picked":"Acrobatics","floor":2.0},{"not_picked":["Eviscerate","Blur"],"picked":"Skewer","floor":3.0},{"not_picked":["Grand Finale","Infinite Blades","Outmaneuver"],"picked":"SKIP","floor":4.0},{"not_picked":["Infinite Blades","Blade Dance"],"picked":"Deadly Poison","floor":5.0},{"not_picked":["Endless Agony","Accuracy"],"picked":"Dodge and Roll","floor":8.0}],"player_experience":180732,"relics_obtained":[{"floor":8.0,"key":"PreservedInsect"},{"floor":9.0,"key":"Blood Vial"}],"event_choices":[{"damage_healed":0.0,"max_hp_gain":0.0,"max_hp_loss":0.0,"gold_gain":75.0,"event_name":"World of Goop","player_choice":"Gather Gold","floor":6.0,"gold_loss":0.0,"damage_taken":11.0}],"is_beta":false,"boss_relics":[],"items_purged_floors":[],"is_endless":false,"potions_floor_spawned":[1,2,3],"killed_by":"Exordium Thugs","ascension_level":4}