{"gold_per_floor":[109,71,71,89,108,142,156,174,174,184,209,209,225,254,254,352,352,372,372,372,386,22,22,54,54,54,83,83,118,18,35,35,35],"floor_reached":33,"playtime":2355,"items_purged":["Strike_G","Strike_G"],"score":445,"play_id":"cf0da76e-b298-452d-935d-7be8212aa2e6","local_time":"20200826040351","is_ascension_mode":true,"campfire_choices":[{"data":"Footwork","floor":12.0,"key":"SMITH"},{"floor":15.0,"key":"REST"},{"data":"Malaise","floor":23.0,"key":"SMITH"},{"floor":25.0,"key":"REST"},{"floor":28.0,"key":"REST"},{"floor":32.0,"key":"REST"}],"neow_cost":"NONE","seed_source_timestamp":722286668126926,"circlet_count":0,"master_deck":["Strike_G","Strike_G","Strike_G+1","Defend_G","Defend_G","Defend_G","Defend_G","Defend_G","Survivor","Neutralize","Infinite Blades+1","Footwork+1","Predator","Blade Dance","Accuracy","Dagger Spray","Corpse Explosion","Cloak And Dagger","Deadly Poison","Malaise+1","Envenom","Bane","Dodge and Roll+1","Crippling Poison","Escape Plan+1","Backstab+1"],"special_seed":0,"relics":["Ring of the Snake","Juzu Bracelet","Matryoshka","StoneCalendar","Gremlin Horn","Philosopher\u0027s Stone","Torii","Letter Opener","Nunchaku","Pear","Tiny Chest","Molten Egg 2"],"potions_floor_usage":[33,33],"damage_taken":[{"damage":0.0,"enemies":"Small Slimes","floor":1.0,"turns":4.0},{"damage":0.0,"enemies":"Jaw Worm","floor":4.0,"turns":4.0},{"damage":0.0,"enemies":"2 Louse","floor":5.0,"turns":3.0},{"damage":20.0,"enemies":"Lagavulin","floor":6.0,"turns":9.0},{"damage":2.0,"enemies":"Looter","floor":7.0,"turns":4.0},{"damage":0.0,"enemies":"Large Slime","floor":8.0,"turns":7.0},{"damage":7.0,"enemies":"Blue Slaver","floor":10.0,"turns":4.0},{"damage":0.0,"enemies":"3 Sentries","floor":11.0,"turns":4.0},{"damage":16.0,"enemies":"Lots of Slimes","floor":13.0,"turns":3.0},{"damage":4.0,"enemies":"Lagavulin","floor":14.0,"turns":7.0},{"damage":19.0,"enemies":"Slime Boss","floor":16.0,"turns":7.0},{"damage":18.0,"enemies":"Chosen","floor":18.0,"turns":6.0},{"damage":14.0,"enemies":"3 Byrds","floor":21.0,"turns":3.0},{"damage":26.0,"enemies":"Slavers","floor":24.0,"turns":5.0},{"damage":38.0,"enemies":"Gremlin Leader","floor":27.0,"turns":7.0},{"damage":18.0,"enemies":"Slavers","floor":29.0,"turns":3.0},{"damage":3.0,"enemies":"Snake Plant","floor":31.0,"turns":5.0},{"damage":37,"enemies":"Automaton","floor":33,"turns":6}],"seed_played":"4019519475134213411","potions_obtained":[{"floor":1.0,"key":"Swift Potion"},{"floor":6.0,"key":"EssenceOfSteel"},{"floor":13.0,"key":"EntropicBrew"},{"floor":24.0,"key":"DistilledChaos"},{"floor":27.0,"key":"CunningPotion"},{"floor":29.0,"key":"Poison Potion"}],"is_trial":false,"path_per_floor":["M","$","?","M","M","E","M","M","T","M","E","R","M","E","R","B",null,"M","?","?","M","$","R","E","R","T","E","R","E","$","M","R","B"],"character_chosen":"THE_SILENT","items_purchased":["Footwork","Torii"],"campfire_rested":4,"item_purchase_floors":[2,22],"current_hp_per_floor":[77,77,62,62,62,42,40,40,40,33,33,33,17,13,36,17,77,59,59,45,31,31,31,5,29,39,1,28,10,10,7,34,0],"gold":35,"neow_bonus":"TEN_PERCENT_HP_BONUS","is_prod":false,"is_daily":false,"chose_seed":false,"campfire_upgraded":2,"win_rate":0,"timestamp":1598432631,"path_taken":["M","$","?","M","M","E","M","M","T","M","E","R","M","E","R","BOSS","M","?","?","M","$","R","E","R","T","E","R","E","$","M","R","BOSS"],"build_version":"2020-07-30","purchased_purges":2,"victory":false,"max_hp_per_floor":[77,77,77,77,77,77,77,77,77,77,77,77,77,77,77,77,77,77,77,82,82,82,82,82,82,92,92,92,92,92,92,92,92],"card_choices":[{"not_picked":["Endless Agony","Dodge and Roll"],"picked":"Infinite Blades","floor":1.0},{"not_picked":["Outmaneuver","Bane"],"picked":"Predator","floor":4.0},{"not_picked":["Acrobatics","Eviscerate"],"picked":"Blade Dance","floor":5.0},{"not_picked":["Slice","Blade Dance"],"picked":"Accuracy","floor":6.0},{"not_picked":["Slice","Deflect"],"picked":"Dagger Spray","floor":7.0},{"not_picked":["Cloak And Dagger","Reflex"],"picked":"Corpse Explosion","floor":8.0},{"not_picked":["Dodge and Roll","Prepared"],"picked":"Cloak And Dagger","floor":10.0},{"not_picked":["Deflect","Acrobatics"],"picked":"Deadly Poison","floor":11.0},{"not_picked":["Expertise","Riddle With Holes","Prepared"],"picked":"SKIP","floor":13.0},{"not_picked":["Prepared","Choke"],"picked":"Malaise","floor":14.0},{"not_picked":["Die Die Die","Unload"],"picked":"Envenom","floor":16.0},{"not_picked":["Dagger Spray+1","Dodge and Roll"],"picked":"Bane","floor":18.0},{"not_picked":["Deflect+1","Poisoned Stab"],"picked":"Dodge and Roll+1","floor":21.0},{"not_picked":["Outmaneuver+1","Eviscerate+1"],"picked":"Crippling Poison","floor":24.0},{"not_picked":["Grand Finale","Quick Slash+1"],"picked":"Escape Plan+1","floor":27.0},{"not_picked":["Riddle With Holes+1","Prepared"],"picked":"Backstab+1","floor":29.0},{"not_picked":["Backflip","Prepared","Poisoned Stab+1"],"picked":"SKIP","floor":31.0}],"player_experience":181660,"relics_obtained":[{"floor":6.0,"key":"Juzu Bracelet"},{"floor":9.0,"key":"Matryoshka"},{"floor":11.0,"key":"StoneCalendar"},{"floor":14.0,"key":"Gremlin Horn"},{"floor":24.0,"key":"Letter Opener"},{"floor":26.0,"key":"Nunchaku"},{"floor":26.0,"key":"Pear"},{"floor":27.0,"key":"Tiny Chest"},{"floor":29.0,"key":"Molten Egg 2"}],"event_choices":[{"damage_healed":0.0,"max_hp_gain":0.0,"max_hp_loss":0.0,"gold_gain":0.0,"event_name":"Shining Light","player_choice":"Entered Light","floor":3.0,"gold_loss":0.0,"damage_taken":15.0,"cards_upgraded":["Infinite Blades","Strike_G"]},{"damage_healed":0.0,"max_hp_gain":0.0,"max_hp_loss":0.0,"gold_gain":0.0,"event_name":"Cursed Tome","player_choice":"Ignored","floor":19.0,"gold_loss":0.0,"damage_taken":0.0},{"damage_healed":0.0,"max_hp_gain":5.0,"max_hp_loss":0.0,"gold_gain":0.0,"event_name":"Forgotten Altar","player_choice":"Shed Blood","floor":20.0,"gold_loss":0.0,"damage_taken":19.0}],"is_beta":false,"boss_relics":[{"not_picked":["Cursed Key","Fusion Hammer"],"picked":"Philosopher\u0027s Stone"}],"items_purged_floors":[22,30],"is_endless":false,"potions_floor_spawned":[1,6,13,24,27,29],"killed_by":"Automaton","ascension_level":4}