{"gold_per_floor":[119,119,119,44,144,176,196,222,271,289,289,319,269,444,444,544,544,560,580,324,338,371,406,406,406,406,441,457,484,484,500,500,596,646,659,379,393,181,199,199,226,226,252,283,297,297,308,334,334,334],"floor_reached":51,"playtime":4640,"items_purged":["Strike_G","Defend_G","Strike_G"],"score":1088,"play_id":"eec09ca4-c2d5-4add-b757-3df47b4c331a","local_time":"20200826210034","is_ascension_mode":true,"campfire_choices":[{"data":"Adrenaline","floor":11.0,"key":"SMITH"},{"data":"Neutralize","floor":15.0,"key":"SMITH"},{"data":"Malaise","floor":25.0,"key":"SMITH"},{"data":"Dagger Throw","floor":30.0,"key":"SMITH"},{"data":"Backstab","floor":32.0,"key":"SMITH"},{"data":"Footwork","floor":40,"key":"SMITH"},{"data":"Glass Knife","floor":42,"key":"SMITH"},{"data":"Malaise","floor":46,"key":"SMITH"},{"data":"PiercingWail","floor":49,"key":"SMITH"}],"neow_cost":"NONE","seed_source_timestamp":747160039261102,"circlet_count":0,"master_deck":["Strike_G+1","Strike_G","Defend_G","Defend_G","Defend_G","Defend_G","Survivor","Neutralize+1","Footwork+1","Dagger Throw+1","Adrenaline+1","Backstab+1","Malaise+1","Outmaneuver+1","Heel Hook+1","All Out Attack+1","Slice+1","Flechettes+1","Backstab+1","Corpse Explosion","Glass Knife+1","PiercingWail+1","PiercingWail+1","Malaise+1","Footwork+1","Backflip+1","Heel Hook+1","PiercingWail","Terror+1","Footwork+1"],"special_seed":0,"relics":["Ring of the Snake","NeowsBlessing","Strawberry","Bag of Preparation","Omamori","Bottled Lightning","Runic Pyramid","Pen Nib","Red Mask","Akabeko","HornCleat","Eternal Feather","InkBottle","Tiny House","Vajra","Bronze Scales","Whetstone","Mercury Hourglass","MealTicket"],"potions_floor_usage":[47],"damage_taken":[{"damage":0.0,"enemies":"2 Louse","floor":1.0,"turns":1.0},{"damage":0.0,"enemies":"Lagavulin","floor":6.0,"turns":1.0},{"damage":0.0,"enemies":"Jaw Worm","floor":7.0,"turns":1.0},{"damage":18.0,"enemies":"3 Sentries","floor":8.0,"turns":12.0},{"damage":0.0,"enemies":"Cultist","floor":10.0,"turns":3.0},{"damage":19.0,"enemies":"Lagavulin","floor":12.0,"turns":5.0},{"damage":6.0,"enemies":"The Guardian","floor":16.0,"turns":24.0},{"damage":6.0,"enemies":"Shell Parasite","floor":18.0,"turns":7.0},{"damage":0.0,"enemies":"Chosen","floor":19.0,"turns":7.0},{"damage":0.0,"enemies":"Snecko","floor":21.0,"turns":11.0},{"damage":23.0,"enemies":"Masked Bandits","floor":22.0,"turns":7.0},{"damage":4.0,"enemies":"Slavers","floor":23.0,"turns":7.0},{"damage":0.0,"enemies":"Book of Stabbing","floor":27.0,"turns":6.0},{"damage":2.0,"enemies":"Sentry and Sphere","floor":28.0,"turns":4.0},{"damage":0.0,"enemies":"Slavers","floor":29.0,"turns":4.0},{"damage":0.0,"enemies":"Chosen and Byrds","floor":31.0,"turns":3.0},{"damage":2.0,"enemies":"Automaton","floor":33.0,"turns":8.0},{"damage":0,"enemies":"3 Darklings","floor":35,"turns":1},{"damage":0,"enemies":"Orb Walker","floor":37,"turns":2},{"damage":0,"enemies":"4 Shapes","floor":39,"turns":4},{"damage":0,"enemies":"Reptomancer","floor":41,"turns":7},{"damage":40,"enemies":"Giant Head","floor":44,"turns":9},{"damage":0,"enemies":"Spire Growth","floor":45,"turns":3},{"damage":3,"enemies":"Transient","floor":47,"turns":5},{"damage":1,"enemies":"Nemesis","floor":48,"turns":5},{"damage":36,"enemies":"Donu and Deca","floor":50,"turns":5}],"seed_played":"-1440544260196410161","potions_obtained":[{"floor":1.0,"key":"Poison Potion"},{"floor":7.0,"key":"Strength Potion"},{"floor":10.0,"key":"FearPotion"},{"floor":18.0,"key":"Block Potion"},{"floor":24.0,"key":"Weak Potion"},{"floor":24.0,"key":"CunningPotion"},{"floor":28.0,"key":"Block Potion"},{"floor":37,"key":"FairyPotion"},{"floor":47,"key":"CunningPotion"}],"is_trial":false,"path_per_floor":["M","$","?","$","?","E","M","E","T","M","R","E","?","?","R","B",null,"M","M","$","M","?","E","?","R","T","E","M","E","R","M","R","B",null,"M","$","M","$","M","R","E","R","T","E","M","R","M","E","R","B",null],"character_chosen":"THE_SILENT","items_purchased":["Pen Nib","Vajra","Footwork","Bronze Scales"],"campfire_rested":0,"item_purchase_floors":[20,36,38,38],"current_hp_per_floor":[70,70,70,70,70,77,77,59,59,59,59,40,40,40,40,34,77,71,71,71,71,48,44,44,44,44,44,42,42,54,54,66,64,82,82,82,82,82,82,82,82,82,82,42,42,57,54,53,71,35],"gold":334,"neow_bonus":"THREE_ENEMY_KILL","is_prod":false,"is_daily":false,"chose_seed":false,"campfire_upgraded":9,"win_rate":0,"timestamp":1598493634,"path_taken":["M","$","?","$","?","E","M","E","T","?","R","E","?","?","R","BOSS","M","M","$","M","?","E","?","R","T","E","M","E","R","M","R","BOSS","M","$","M","?","M","R","E","R","T","E","M","R","?","E","R","BOSS"],"build_version":"2020-07-30","purchased_purges":3,"victory":true,"max_hp_per_floor":[70,70,70,70,70,77,77,77,77,77,77,77,77,77,77,77,77,77,77,77,77,77,77,77,77,77,77,77,77,77,77,77,77,82,82,82,82,82,82,82,82,82,82,82,82,82,82,82,82,82],"card_choices":[{"not_picked":["Underhanded Strike","Dodge and Roll"],"picked":"Footwork","floor":1.0},{"not_picked":["Choke","Finisher"],"picked":"Dagger Throw","floor":6.0},{"not_picked":["Deflect","Slice","Bane"],"picked":"SKIP","floor":7.0},{"not_picked":["Bouncing Flask","Cloak And Dagger"],"picked":"Adrenaline","floor":8.0},{"not_picked":["Dagger Throw","Outmaneuver","Deflect"],"picked":"SKIP","floor":10.0},{"not_picked":["Cloak And Dagger","Tactician"],"picked":"Backstab","floor":12.0},{"not_picked":["Glass Knife","Night Terror"],"picked":"Malaise","floor":16.0},{"not_picked":["Acrobatics+1","Dodge and Roll","Sucker Punch"],"picked":"SKIP","floor":18.0},{"not_picked":["Choke","Dodge and Roll"],"picked":"Outmaneuver+1","floor":19.0},{"not_picked":["Poisoned Stab","Deflect+1"],"picked":"Heel Hook","floor":21.0},{"not_picked":["Underhanded Strike","Bane"],"picked":"All Out Attack+1","floor":22.0},{"not_picked":["Deadly Poison","Dagger Spray+1"],"picked":"Slice+1","floor":23.0},{"not_picked":["Finisher","Blur"],"picked":"Flechettes+1","floor":27.0},{"not_picked":["Tactician+1","Well Laid Plans"],"picked":"Backstab","floor":28.0},{"not_picked":["Catalyst","Bane"],"picked":"Corpse Explosion","floor":29.0},{"not_picked":["Blur","Riddle With Holes","Deadly Poison"],"picked":"SKIP","floor":31.0},{"not_picked":["Phantasmal Killer","Grand Finale"],"picked":"Glass Knife","floor":33.0},{"not_picked":["Sucker Punch+1","Eviscerate"],"picked":"PiercingWail+1","floor":34.0},{"not_picked":["Slice","Poisoned Stab"],"picked":"PiercingWail","floor":35},{"not_picked":["Accuracy","Blade Dance"],"picked":"Malaise","floor":37},{"not_picked":["Dagger Spray+1","Flying Knee+1"],"picked":"Backflip+1","floor":39},{"not_picked":["Predator+1","Acrobatics+1"],"picked":"Heel Hook+1","floor":41},{"not_picked":["Blur","Deadly Poison","Poisoned Stab+1"],"picked":"SKIP","floor":44},{"not_picked":["Sucker Punch+1","Outmaneuver+1"],"picked":"PiercingWail","floor":45},{"not_picked":["Deadly Poison+1","Skewer"],"picked":"Terror+1","floor":47},{"not_picked":["Underhanded Strike","Masterful Stab+1"],"picked":"Footwork+1","floor":48}],"player_experience":184837,"relics_obtained":[{"floor":6.0,"key":"Strawberry"},{"floor":8.0,"key":"Bag of Preparation"},{"floor":9.0,"key":"Omamori"},{"floor":12.0,"key":"Bottled Lightning"},{"floor":22.0,"key":"Red Mask"},{"floor":23.0,"key":"Akabeko"},{"floor":26.0,"key":"HornCleat"},{"floor":27.0,"key":"Eternal Feather"},{"floor":29.0,"key":"InkBottle"},{"floor":41,"key":"Whetstone"},{"floor":44,"key":"Mercury Hourglass"},{"floor":48,"key":"MealTicket"}],"event_choices":[{"damage_healed":0.0,"max_hp_gain":0.0,"max_hp_loss":0.0,"gold_gain":0.0,"event_name":"Living Wall","player_choice":"Grow","floor":3.0,"gold_loss":0.0,"damage_taken":0.0,"cards_upgraded":["Footwork"]},{"damage_healed":0.0,"max_hp_gain":0.0,"max_hp_loss":0.0,"gold_gain":100.0,"event_name":"Golden Shrine","player_choice":"Pray","floor":5.0,"gold_loss":0.0,"damage_taken":0.0},{"cards_removed":["Strike_G"],"damage_healed":0.0,"max_hp_gain":0.0,"max_hp_loss":0.0,"gold_gain":0.0,"event_name":"The Cleric","player_choice":"Card Removal","floor":13.0,"gold_loss":50.0,"damage_taken":0.0},{"damage_healed":0.0,"max_hp_gain":0.0,"max_hp_loss":0.0,"gold_gain":175.0,"event_name":"Liars Game","player_choice":"AGREE","floor":14.0,"gold_loss":0.0,"damage_taken":0.0,"cards_obtained":["Doubt"]},{"damage_healed":0.0,"max_hp_gain":0.0,"max_hp_loss":0.0,"gold_gain":0.0,"event_name":"Masked Bandits","player_choice":"Fought Bandits","floor":22.0,"gold_loss":0.0,"damage_taken":0.0},{"damage_healed":0.0,"max_hp_gain":0.0,"max_hp_loss":0.0,"gold_gain":0.0,"event_name":"Lab","player_choice":"Got Potions","floor":24.0,"gold_loss":0.0,"damage_taken":0.0}],"is_beta":false,"boss_relics":[{"not_picked":["Philosopher\u0027s Stone","Ectoplasm"],"picked":"Runic Pyramid"},{"not_picked":["Pandora\u0027s Box","Runic Dome"],"picked":"Tiny House"}],"items_purged_floors":[4,20,36],"is_endless":false,"potions_floor_spawned":[1,7,10,18,28,29,33,37,41,45,47],"ascension_level":4}