{"gold_per_floor":[118,118,118,129,59,90,90,121,121,153,123,123,148,161,161,259,259,270,545,561,18,29,55,55,55,55,72,91,121,41,60,60,162,162,174,174,174,1173,1186,1212,1212,1238,1238,1238],"floor_reached":44,"playtime":5682,"items_purged":["Strike_G","Defend_G"],"score":981,"play_id":"aa806bba-7208-4d7c-bc5e-0fd1fe9d7725","local_time":"20210110133152","is_ascension_mode":true,"campfire_choices":[{"data":"Quick Slash","floor":7.0,"key":"SMITH"},{"data":"Well Laid Plans","floor":12.0,"key":"SMITH"},{"floor":15.0,"key":"REST"},{"data":"Poisoned Stab","floor":24.0,"key":"SMITH"},{"data":"Sucker Punch","floor":32.0,"key":"SMITH"},{"floor":41,"key":"REST"}],"neow_cost":"NONE","seed_source_timestamp":982580433092157,"circlet_count":0,"master_deck":["AscendersBane","Strike_G","Strike_G","Defend_G","Survivor","Neutralize","Leg Sweep","Sucker Punch+1","Well Laid Plans+1","Quick Slash+1","Poisoned Stab+1","Bullet Time","Calculated Gamble","Leg Sweep+1","Caltrops+1","Footwork+1","Terror","Malaise","Doppelganger+1","Well Laid Plans+1","Flying Knee+1","Deadly Poison","Normality","Backstab+1"],"special_seed":0,"relics":["Ring of the Snake","NeowsBlessing","Pocketwatch","Singing Bowl","The Courier","Omamori","Art of War","Sozu","Torii","Thread and Needle","Bottled Lightning","MutagenicStrength","HornCleat","Astrolabe","Molten Egg 2","Meat on the Bone","Shovel"],"potions_floor_usage":[40],"damage_taken":[{"damage":0.0,"enemies":"Jaw Worm","floor":1.0,"turns":1.0},{"damage":0.0,"enemies":"2 Louse","floor":4.0,"turns":1.0},{"damage":0.0,"enemies":"Gremlin Nob","floor":6.0,"turns":1.0},{"damage":21.0,"enemies":"3 Sentries","floor":8.0,"turns":10.0},{"damage":13.0,"enemies":"Lagavulin","floor":10.0,"turns":7.0},{"damage":4.0,"enemies":"3 Sentries","floor":13.0,"turns":9.0},{"damage":1.0,"enemies":"Cultist","floor":14.0,"turns":3.0},{"damage":23.0,"enemies":"Slime Boss","floor":16.0,"turns":10.0},{"damage":2.0,"enemies":"Spheric Guardian","floor":18.0,"turns":4.0},{"damage":3.0,"enemies":"Shell Parasite","floor":20.0,"turns":5.0},{"damage":2.0,"enemies":"Snake Plant","floor":22.0,"turns":7.0},{"damage":14.0,"enemies":"Gremlin Leader","floor":23.0,"turns":11.0},{"damage":7.0,"enemies":"Centurion and Healer","floor":27.0,"turns":5.0},{"damage":1.0,"enemies":"Shelled Parasite and Fungi","floor":28.0,"turns":6.0},{"damage":0.0,"enemies":"Book of Stabbing","floor":29.0,"turns":6.0},{"damage":0.0,"enemies":"Cultist and Chosen","floor":31.0,"turns":7.0},{"damage":22.0,"enemies":"Collector","floor":33.0,"turns":12.0},{"damage":1.0,"enemies":"3 Darklings","floor":35.0,"turns":6.0},{"damage":0.0,"enemies":"Orb Walker","floor":39.0,"turns":4.0},{"damage":61,"enemies":"Giant Head","floor":40,"turns":12},{"damage":13,"enemies":"Nemesis","floor":42,"turns":7},{"damage":34,"enemies":"Giant Head","floor":44,"turns":8}],"seed_played":"8887538087851377721","potions_obtained":[{"floor":1.0,"key":"DistilledChaos"},{"floor":11.0,"key":"Block Potion"},{"floor":11.0,"key":"EssenceOfSteel"},{"floor":13.0,"key":"GamblersBrew"},{"floor":14.0,"key":"SteroidPotion"},{"floor":16.0,"key":"Block Potion"}],"is_trial":false,"path_per_floor":["M","?","?","M","$","E","R","E","T","E","?","R","E","M","R","B",null,"M","?","M","$","M","E","R","?","T","M","M","E","$","M","R","B",null,"M","?","?","?","M","E","R","E","T","E"],"character_chosen":"THE_SILENT","items_purchased":["Well Laid Plans","Torii","Thread and Needle"],"campfire_rested":2,"item_purchase_floors":[5,21,21],"current_hp_per_floor":[63,56,56,56,56,56,56,37,37,26,26,26,22,23,45,22,63,61,61,58,58,58,44,44,44,44,37,36,38,38,40,40,18,66,65,65,65,65,67,6,31,20,20,0],"gold":1238,"neow_bonus":"THREE_ENEMY_KILL","is_prod":false,"is_daily":false,"chose_seed":false,"campfire_upgraded":4,"win_rate":0,"timestamp":1610307112,"path_taken":["M","?","?","?","$","E","R","E","T","E","?","R","E","M","R","BOSS","M","?","?","$","M","E","R","?","T","M","M","E","$","M","R","BOSS","M","?","?","?","M","E","R","E","T","E"],"build_version":"2020-12-22","purchased_purges":2,"victory":false,"max_hp_per_floor":[70,70,70,70,70,70,70,72,72,74,74,74,74,76,76,76,76,76,76,76,76,78,78,78,78,78,78,78,80,80,82,82,82,82,82,82,82,82,84,84,84,86,86,86],"card_choices":[{"not_picked":["Caltrops","Riddle With Holes"],"picked":"Leg Sweep","floor":1.0},{"not_picked":["Flying Knee","Cloak And Dagger"],"picked":"Sucker Punch","floor":4.0},{"not_picked":["PiercingWail","Setup"],"picked":"Quick Slash","floor":6.0},{"not_picked":["Bane","Deflect","Acrobatics"],"picked":"Singing Bowl","floor":8.0},{"not_picked":["Acrobatics","Deflect","Quick Slash"],"picked":"Singing Bowl","floor":10.0},{"not_picked":["Finisher","Accuracy"],"picked":"Poisoned Stab","floor":13.0},{"not_picked":["Dodge and Roll","Doppelganger","Backflip"],"picked":"Singing Bowl","floor":14.0},{"not_picked":["Tools of the Trade","After Image"],"picked":"Bullet Time","floor":16.0},{"not_picked":["Underhanded Strike","Sucker Punch"],"picked":"Calculated Gamble","floor":18.0},{"not_picked":["Masterful Stab","Dodge and Roll"],"picked":"Leg Sweep+1","floor":20.0},{"not_picked":["Concentrate","Sucker Punch","Distraction"],"picked":"Singing Bowl","floor":22.0},{"not_picked":["Accuracy","Dagger Throw"],"picked":"Caltrops+1","floor":23.0},{"not_picked":["Escape Plan","Deflect"],"picked":"Footwork+1","floor":27.0},{"not_picked":["Dodge and Roll","Concentrate"],"picked":"Terror","floor":28.0},{"not_picked":["Endless Agony","Corpse Explosion","Dodge and Roll+1"],"picked":"Singing Bowl","floor":29.0},{"not_picked":["Expertise+1","Bane","Accuracy"],"picked":"Singing Bowl","floor":31.0},{"not_picked":["Storm of Steel","Phantasmal Killer"],"picked":"Malaise","floor":33.0},{"not_picked":["Cloak And Dagger","Quick Slash"],"picked":"Deadly Poison","floor":35.0},{"not_picked":["Outmaneuver","Flying Knee+1","Tactician"],"picked":"Singing Bowl","floor":39.0},{"not_picked":["Blade Dance","Dagger Throw+1"],"picked":"Backstab+1","floor":40},{"not_picked":["Bullet Time","Infinite Blades","Deadly Poison"],"picked":"Singing Bowl","floor":42}],"player_experience":311956,"relics_obtained":[{"floor":6.0,"key":"Pocketwatch"},{"floor":8.0,"key":"Singing Bowl"},{"floor":9.0,"key":"The Courier"},{"floor":10.0,"key":"Omamori"},{"floor":13.0,"key":"Art of War"},{"floor":23.0,"key":"Bottled Lightning"},{"floor":29.0,"key":"HornCleat"},{"floor":40,"key":"Molten Egg 2"},{"floor":42,"key":"Meat on the Bone"},{"floor":43,"key":"Shovel"}],"event_choices":[{"cards_removed":["Defend_G"],"damage_healed":0.0,"max_hp_gain":0.0,"max_hp_loss":0.0,"gold_gain":0.0,"event_name":"Golden Wing","player_choice":"Card Removal","floor":2.0,"gold_loss":0.0,"damage_taken":7.0},{"cards_removed":["Defend_G"],"damage_healed":0.0,"max_hp_gain":0.0,"max_hp_loss":0.0,"gold_gain":0.0,"event_name":"Purifier","player_choice":"Purged","floor":3.0,"gold_loss":0.0,"damage_taken":0.0},{"damage_healed":0.0,"max_hp_gain":0.0,"max_hp_loss":0.0,"gold_gain":0.0,"event_name":"The Woman in Blue","player_choice":"Bought 2 Potions","floor":11.0,"gold_loss":0.0,"damage_taken":0.0},{"damage_healed":0.0,"max_hp_gain":0.0,"max_hp_loss":0.0,"gold_gain":275.0,"event_name":"Golden Shrine","player_choice":"Desecrate","floor":19.0,"gold_loss":0.0,"damage_taken":0.0,"cards_obtained":["Regret"]},{"damage_healed":0.0,"max_hp_gain":0.0,"max_hp_loss":0.0,"gold_gain":0.0,"event_name":"Drug Dealer","player_choice":"Inject Mutagens","floor":25.0,"gold_loss":0.0,"damage_taken":0.0,"relics_obtained":["MutagenicStrength"]},{"damage_healed":0.0,"max_hp_gain":0.0,"max_hp_loss":0.0,"gold_gain":0.0,"event_name":"Tomb of Lord Red Mask","player_choice":"Ignored","floor":36.0,"gold_loss":0.0,"damage_taken":0.0},{"damage_healed":0.0,"max_hp_gain":0.0,"max_hp_loss":0.0,"gold_gain":0.0,"event_name":"Mysterious Sphere","player_choice":"Ignored","floor":37.0,"gold_loss":0.0,"damage_taken":0.0},{"damage_healed":0.0,"max_hp_gain":0.0,"max_hp_loss":0.0,"gold_gain":999.0,"event_name":"MindBloom","player_choice":"Gold","floor":38.0,"gold_loss":0.0,"damage_taken":0.0,"cards_obtained":["Normality","Normality"]}],"is_beta":false,"boss_relics":[{"not_picked":["Runic Dome","Philosopher\u0027s Stone"],"picked":"Sozu"},{"not_picked":["Tiny House","HoveringKite"],"picked":"Astrolabe"}],"items_purged_floors":[21,30],"is_endless":false,"potions_floor_spawned":[1,13,14,16,18,28,33,35,39],"killed_by":"Giant Head","ascension_level":12}