{"gold_per_floor":[109,109,259,26,26,26,39,39,110,142,154,166,195,235,247,259],"floor_reached":16,"playtime":644,"items_purged":["Doubt"],"score":212,"play_id":"9ef96e8c-c1db-479f-9b83-4a638d2e96c3","local_time":"20211020195319","is_ascension_mode":true,"campfire_choices":[{"data":"Neutralize","floor":6.0,"key":"SMITH"},{"data":"Dagger Spray","floor":12.0,"key":"SMITH"},{"data":"Predator","floor":15.0,"key":"SMITH"}],"neow_cost":"NONE","seed_source_timestamp":326123249362429,"circlet_count":0,"master_deck":["AscendersBane","Strike_G","Strike_G+1","Strike_G","Strike_G","Defend_G","Defend_G","Defend_G","Defend_G","Survivor","Neutralize+1","Blade Dance+1","Backstab","Dagger Spray+1","Predator+1"],"special_seed":0,"relics":["Ring of the Snake","Juzu Bracelet","PreservedInsect","MawBank","Blood Vial","Anchor"],"potions_floor_usage":[16,16],"damage_taken":[{"damage":1.0,"enemies":"Small Slimes","floor":1.0,"turns":5.0},{"damage":0.0,"enemies":"Cultist","floor":7.0,"turns":3.0},{"damage":6.0,"enemies":"Gremlin Nob","floor":10.0,"turns":3.0},{"damage":0.0,"enemies":"Jaw Worm","floor":13.0,"turns":2.0},{"damage":12.0,"enemies":"Lagavulin","floor":14.0,"turns":4.0},{"damage":31,"enemies":"Slime Boss","floor":16,"turns":5}],"seed_played":"-8581283659409446696","potions_obtained":[{"floor":1.0,"key":"Energy Potion"},{"floor":13.0,"key":"Weak Potion"}],"is_trial":false,"path_per_floor":["M","?","?","$","?","R","M","?","T","E","?","R","M","E","R","B"],"character_chosen":"THE_SILENT","items_purchased":["PreservedInsect"],"campfire_rested":0,"item_purchase_floors":[4],"current_hp_per_floor":[58,38,38,38,31,31,31,31,31,25,25,25,27,17,17,0],"gold":259,"neow_bonus":"RANDOM_COMMON_RELIC","is_prod":false,"is_daily":false,"chose_seed":true,"campfire_upgraded":3,"win_rate":0,"timestamp":1634784799,"path_taken":["M","?","?","$","?","R","M","?","T","E","?","R","M","E","R","BOSS"],"build_version":"2020-12-22","purchased_purges":1,"victory":false,"max_hp_per_floor":[66,66,66,66,66,66,66,66,66,66,66,66,66,66,66,66],"relic_stats":{"Blood Vial":6,"counters":[6,22],"PreservedInsect":52,"Juzu Bracelet":1,"MawBank":72,"obtain_stats":[{"Blood Vial":11,"Anchor":14,"PreservedInsect":4,"Juzu Bracelet":0,"MawBank":10,"Ring of the Snake":0},{"Blood Vial":3,"Anchor":5,"PreservedInsect":1,"Juzu Bracelet":0,"MawBank":3,"Ring of the Snake":0},{"Blood Vial":11,"Anchor":17,"PreservedInsect":5,"Juzu Bracelet":0,"MawBank":11,"Ring of the Snake":0}],"Ring of the Snake":[12]},"card_choices":[{"not_picked":["Finisher","Poisoned Stab"],"picked":"Blade Dance","floor":1.0},{"not_picked":["Blade Dance","PiercingWail"],"picked":"Backstab","floor":7.0},{"not_picked":["Underhanded Strike","A Thousand Cuts"],"picked":"Dagger Spray","floor":10.0},{"not_picked":["Endless Agony","Dodge and Roll"],"picked":"Predator","floor":13.0},{"not_picked":["Expertise","Outmaneuver","Underhanded Strike"],"picked":"SKIP","floor":14.0}],"player_experience":691412,"relics_obtained":[{"floor":10.0,"key":"MawBank"},{"floor":14.0,"key":"Anchor"}],"event_choices":[{"damage_healed":0.0,"max_hp_gain":0.0,"max_hp_loss":0.0,"gold_gain":0.0,"event_name":"Shining Light","player_choice":"Entered Light","floor":2.0,"gold_loss":0.0,"damage_taken":20.0,"cards_upgraded":["Blade Dance","Strike_G"]},{"damage_healed":0.0,"max_hp_gain":0.0,"max_hp_loss":0.0,"gold_gain":150.0,"event_name":"Liars Game","player_choice":"AGREE","floor":3.0,"gold_loss":0.0,"damage_taken":0.0,"cards_obtained":["Doubt"]},{"cards_removed":["Defend_G"],"damage_healed":0.0,"max_hp_gain":0.0,"max_hp_loss":0.0,"gold_gain":0.0,"event_name":"Golden Wing","player_choice":"Card Removal","floor":5.0,"gold_loss":0.0,"damage_taken":7.0},{"cards_removed":["Strike_G"],"damage_healed":0.0,"max_hp_gain":0.0,"max_hp_loss":0.0,"gold_gain":0.0,"event_name":"Bonfire Elementals","player_choice":"Offered Basic","floor":8.0,"gold_loss":0.0,"damage_taken":0.0},{"damage_healed":0.0,"max_hp_gain":0.0,"max_hp_loss":0.0,"gold_gain":0.0,"event_name":"Dead Adventurer","player_choice":"Searched \u00271\u0027 times","floor":11.0,"gold_loss":0.0,"damage_taken":0.0,"relics_obtained":["Blood Vial"]}],"is_beta":false,"boss_relics":[],"items_purged_floors":[4],"is_endless":false,"potions_floor_spawned":[1,13],"killed_by":"Slime Boss","ascension_level":20}