{"gold_per_floor":[109,119,129,129,146,146,175,187,199,221,233,245,288,319,331,343],"floor_reached":16,"playtime":2047,"items_purged":[],"score":224,"play_id":"9e2c3236-5b38-4506-9389-c194d1ebfce0","local_time":"20211021124304","is_ascension_mode":true,"campfire_choices":[{"data":"Dash","floor":6.0,"key":"SMITH"},{"data":"Bouncing Flask","floor":11,"key":"SMITH"},{"data":"Neutralize","floor":15,"key":"SMITH"}],"neow_cost":"NONE","seed_source_timestamp":364847540147157,"circlet_count":0,"master_deck":["AscendersBane","Strike_G","Strike_G","Strike_G","Strike_G","Strike_G","Defend_G","Defend_G","Defend_G","Defend_G","Defend_G","Survivor","Neutralize+1","Dash+1","Cloak And Dagger","Poisoned Stab","Bouncing Flask+1","Dash","Acrobatics","Dagger Throw"],"special_seed":0,"relics":["Black Star","Ninja Scroll","Pantograph","MawBank","InkBottle","Ornamental Fan","Tingsha"],"potions_floor_usage":[7,16],"damage_taken":[{"damage":7.0,"enemies":"Jaw Worm","floor":1.0,"turns":7.0},{"damage":3.0,"enemies":"Cultist","floor":2.0,"turns":4.0},{"damage":0.0,"enemies":"2 Louse","floor":3.0,"turns":3.0},{"damage":1.0,"enemies":"Looter","floor":5.0,"turns":3.0},{"damage":11,"enemies":"Lagavulin","floor":7,"turns":5},{"damage":0,"enemies":"Large Slime","floor":10,"turns":6},{"damage":9,"enemies":"3 Sentries","floor":13,"turns":11},{"damage":0,"enemies":"3 Louse","floor":14,"turns":4},{"damage":61,"enemies":"Slime Boss","floor":16,"turns":10}],"seed_played":"-2990897806637172874","potions_obtained":[{"floor":2.0,"key":"GamblersBrew"},{"floor":5.0,"key":"PowerPotion"},{"floor":13,"key":"EssenceOfSteel"}],"is_trial":false,"path_per_floor":["M","M","M","?","M","R","E","$","T","M","R","?","E","M","R","B"],"character_chosen":"THE_SILENT","items_purchased":[],"campfire_rested":0,"item_purchase_floors":[],"current_hp_per_floor":[52,49,49,49,48,48,37,37,37,37,37,42,33,33,33,0],"gold":343,"neow_bonus":"BOSS_RELIC","is_prod":false,"is_daily":false,"chose_seed":false,"campfire_upgraded":3,"win_rate":0,"timestamp":1634845384,"path_taken":["M","M","M","?","M","R","E","?","T","?","R","?","E","M","R","BOSS"],"build_version":"2020-12-22","purchased_purges":0,"victory":false,"max_hp_per_floor":[66,66,66,66,66,66,66,66,66,66,66,71,71,71,71,71],"relic_stats":{"counters":[9,53],"Ornamental Fan":[12],"Pantograph":25,"Tingsha":[12],"Black Star":2,"MawBank":108,"obtain_stats":[{"Ninja Scroll":4,"Ornamental Fan":13,"Pantograph":7,"Tingsha":13,"Black Star":0,"MawBank":7,"InkBottle":9,"Ring of the Snake":0},{"Ninja Scroll":3,"Ornamental Fan":7,"Pantograph":5,"Tingsha":7,"Black Star":0,"MawBank":5,"InkBottle":5,"Ring of the Snake":0},{"Ninja Scroll":14,"Ornamental Fan":39,"Pantograph":22,"Tingsha":39,"Black Star":0,"MawBank":22,"InkBottle":22,"Ring of the Snake":0}],"InkBottle":[8]},"card_choices":[{"not_picked":["Dagger Spray","Quick Slash"],"picked":"Dash","floor":1.0},{"not_picked":["Dagger Throw","Quick Slash"],"picked":"Cloak And Dagger","floor":2.0},{"not_picked":["Underhanded Strike","Deflect"],"picked":"Poisoned Stab","floor":3.0},{"not_picked":["Sucker Punch","Quick Slash"],"picked":"Bouncing Flask","floor":5.0},{"not_picked":["Prepared","Cloak And Dagger"],"picked":"Dash","floor":7},{"not_picked":["Deflect","Slice","Unload"],"picked":"SKIP","floor":10},{"not_picked":["Tactician","Dodge and Roll"],"picked":"Acrobatics","floor":13},{"not_picked":["Predator","Dagger Spray"],"picked":"Dagger Throw","floor":14}],"player_experience":705751,"relics_obtained":[{"floor":7,"key":"Pantograph"},{"floor":7,"key":"MawBank"},{"floor":9,"key":"InkBottle"},{"floor":13,"key":"Ornamental Fan"},{"floor":13,"key":"Tingsha"}],"event_choices":[{"damage_healed":0.0,"max_hp_gain":0.0,"max_hp_loss":0.0,"gold_gain":0.0,"event_name":"WeMeetAgain","player_choice":"Gave Potion","floor":4.0,"gold_loss":0.0,"damage_taken":0.0,"relics_obtained":["Ninja Scroll"]},{"damage_healed":0,"gold_gain":0,"player_choice":"Donut","damage_taken":0,"max_hp_gain":5,"max_hp_loss":0,"event_name":"Big Fish","floor":12,"gold_loss":0}],"is_beta":false,"boss_relics":[],"items_purged_floors":[],"is_endless":false,"potions_floor_spawned":[2,5,13],"killed_by":"Slime Boss","ascension_level":20}