{"gold_per_floor":[364,364,383,20,30,56,56,82,136,151,51,51,86,100,100,179,179,192,206,223,223,236,262,262,287,287,1,12,25,25,25,25,98,98,114,139,139,165,176,211,223,269,281,322,334,346,370,412,424,436,448],"floor_reached":51,"playtime":4650,"items_purged":["Strike_G","Strike_G","Defend_G"],"score":1821,"play_id":"d0f32fc2-cb8b-41da-bfde-450345341b7c","local_time":"20211020095908","is_ascension_mode":true,"campfire_choices":[{"data":"Bouncing Flask","floor":7.0,"key":"SMITH"},{"data":"Malaise","floor":15.0,"key":"SMITH"},{"data":"Burst","floor":24.0,"key":"SMITH"},{"data":"Cloak And Dagger","floor":30.0,"key":"SMITH"},{"data":"Blade Dance","floor":32.0,"key":"SMITH"},{"floor":46,"key":"RECALL"},{"data":"Well Laid Plans","floor":49,"key":"SMITH"}],"neow_cost":"TEN_PERCENT_HP_LOSS","seed_source_timestamp":0,"circlet_count":0,"master_deck":["AscendersBane","Strike_G","Strike_G","Strike_G","Defend_G","Defend_G","Defend_G","Defend_G","Survivor","Neutralize+1","Blade Dance","Quick Slash","Backstab","Flash of Steel","Bouncing Flask+1","Backstab","Malaise+1","PiercingWail","Finisher","Burst+1","PiercingWail","Cloak And Dagger+1","Phantasmal Killer","Blade Dance+1","After Image","Cloak And Dagger","Backflip","Flash of Steel","Dramatic Entrance","Acrobatics","Footwork","Terror","Well Laid Plans+1"],"special_seed":0,"relics":["Ring of the Snake","Bag of Preparation","StrikeDummy","Oddly Smooth Stone","Bag of Marbles","Pear","Coffee Dripper","Vajra","Singing Bowl","Ornamental Fan","Chemical X","WristBlade","Unceasing Top","MawBank","Bottled Flame","Question Card","Letter Opener","Turnip"],"potions_floor_usage":[51],"damage_taken":[{"damage":2.0,"enemies":"2 Louse","floor":1.0,"turns":6.0},{"damage":0.0,"enemies":"Cultist","floor":3.0,"turns":4.0},{"damage":0.0,"enemies":"Small Slimes","floor":5.0,"turns":2.0},{"damage":8.0,"enemies":"Gremlin Nob","floor":6.0,"turns":3.0},{"damage":15.0,"enemies":"3 Sentries","floor":8.0,"turns":6.0},{"damage":0.0,"enemies":"Gremlin Gang","floor":10.0,"turns":1.0},{"damage":0.0,"enemies":"Gremlin Nob","floor":13.0,"turns":3.0},{"damage":0.0,"enemies":"Lots of Slimes","floor":14.0,"turns":1.0},{"damage":4.0,"enemies":"The Guardian","floor":16.0,"turns":8.0},{"damage":0.0,"enemies":"Chosen","floor":18.0,"turns":3.0},{"damage":0.0,"enemies":"2 Thieves","floor":19.0,"turns":3.0},{"damage":0.0,"enemies":"Snake Plant","floor":20.0,"turns":3.0},{"damage":3.0,"enemies":"Centurion and Healer","floor":22.0,"turns":6.0},{"damage":2.0,"enemies":"Gremlin Leader","floor":23.0,"turns":5.0},{"damage":0.0,"enemies":"Slavers","floor":25.0,"turns":3.0},{"damage":17.0,"enemies":"Sentry and Sphere","floor":28.0,"turns":4.0},{"damage":0.0,"enemies":"Snake Plant","floor":29.0,"turns":3.0},{"damage":25.0,"enemies":"Champ","floor":33.0,"turns":11.0},{"damage":0.0,"enemies":"Orb Walker","floor":35.0,"turns":1.0},{"damage":0.0,"enemies":"Mind Bloom Boss Battle","floor":36.0,"turns":5.0},{"damage":0.0,"enemies":"3 Darklings","floor":39.0,"turns":1.0},{"damage":0.0,"enemies":"Reptomancer","floor":40.0,"turns":3.0},{"damage":8.0,"enemies":"Giant Head","floor":42.0,"turns":6.0},{"damage":0,"enemies":"Reptomancer","floor":44,"turns":2},{"damage":0,"enemies":"Maw","floor":47,"turns":4},{"damage":0,"enemies":"Giant Head","floor":48,"turns":4},{"damage":43,"enemies":"Donu and Deca","floor":50,"turns":9},{"damage":11,"enemies":"Time Eater","floor":51,"turns":2}],"seed_played":"-4642400453250019089","potions_obtained":[{"floor":3.0,"key":"Poison Potion"},{"floor":8.0,"key":"AttackPotion"},{"floor":10.0,"key":"Energy Potion"},{"floor":14.0,"key":"AttackPotion"},{"floor":28.0,"key":"SneckoOil"},{"floor":29.0,"key":"FearPotion"},{"floor":40.0,"key":"Ancient Potion"},{"floor":47,"key":"PowerPotion"}],"is_trial":false,"path_per_floor":["M","?","M","$","M","E","R","E","T","M","$","?","E","M","R","B",null,"M","M","M","?","M","E","R","E","T","$","M","M","R","?","R","B",null,"M","?","?","T","M","E","?","E","T","E","?","R","M","E","R","B","B"],"character_chosen":"THE_SILENT","items_purchased":["Backstab","Bag of Preparation","Flash of Steel","Chemical X"],"campfire_rested":0,"item_purchase_floors":[4,4,4,27],"current_hp_per_floor":[57,57,57,57,57,49,49,34,34,34,34,34,44,44,44,40,63,63,63,63,63,60,58,58,60,60,60,45,47,47,47,47,22,63,63,65,65,65,65,67,59,51,51,51,51,51,51,51,51,8,0],"gold":448,"neow_bonus":"TWO_FIFTY_GOLD","is_prod":false,"is_daily":false,"chose_seed":false,"campfire_upgraded":6,"win_rate":0,"timestamp":1634749148,"path_taken":["M","?","?","$","M","E","R","E","T","M","?","?","E","M","R","BOSS","M","?","?","?","M","E","R","E","T","$","M","M","R","?","R","BOSS","M","?","?","?","?","E","?","E","T","E","?","R","M","E","R","BOSS","BOSS"],"build_version":"2020-12-22","purchased_purges":3,"victory":false,"max_hp_per_floor":[60,60,60,60,60,60,60,60,60,60,60,60,70,70,70,70,70,70,70,70,70,70,70,70,72,72,72,74,76,76,76,76,76,76,76,78,78,78,78,80,82,82,82,82,82,82,82,82,82,82,82],"relic_stats":{"Singing Bowl":12,"counters":[28,112],"Bag of Preparation":[52],"Letter Opener":[42],"MawBank":132,"Question Card":3,"Bottled Flame":"Finisher","Ornamental Fan":[220],"Turnip":[0],"Chemical X":[11],"obtain_stats":[{"Pear":13,"Singing Bowl":25,"Oddly Smooth Stone":8,"Vajra":23,"Bag of Preparation":4,"Letter Opener":44,"MawBank":40,"Question Card":43,"Bottled Flame":42,"WristBlade":34,"Ornamental Fan":26,"Turnip":48,"Bag of Marbles":9,"Coffee Dripper":17,"Chemical X":27,"StrikeDummy":6,"Unceasing Top":36,"Ring of the Snake":0},{"Pear":7,"Singing Bowl":15,"Oddly Smooth Stone":5,"Vajra":14,"Bag of Preparation":2,"Letter Opener":24,"MawBank":22,"Question Card":23,"Bottled Flame":23,"WristBlade":18,"Ornamental Fan":15,"Turnip":26,"Bag of Marbles":5,"Coffee Dripper":9,"Chemical X":15,"StrikeDummy":4,"Unceasing Top":20,"Ring of the Snake":0},{"Pear":25,"Singing Bowl":57,"Oddly Smooth Stone":21,"Vajra":54,"Bag of Preparation":10,"Letter Opener":93,"MawBank":85,"Question Card":91,"Bottled Flame":91,"WristBlade":75,"Ornamental Fan":57,"Turnip":101,"Bag of Marbles":21,"Coffee Dripper":34,"Chemical X":57,"StrikeDummy":15,"Unceasing Top":81,"Ring of the Snake":0}],"Unceasing Top":[0],"Ring of the Snake":[56]},"card_choices":[{"not_picked":["Bane","Leg Sweep"],"picked":"Blade Dance","floor":1.0},{"not_picked":["Underhanded Strike","Backflip"],"picked":"Quick Slash","floor":3.0},{"not_picked":["Acrobatics","Slice"],"picked":"Bouncing Flask","floor":5.0},{"not_picked":["Quick Slash","Blur"],"picked":"Backstab","floor":6.0},{"not_picked":["Dagger Throw","Finisher"],"picked":"Malaise","floor":8.0},{"not_picked":["Escape Plan","Backstab"],"picked":"Deadly Poison","floor":10.0},{"not_picked":["Cloak And Dagger","Slice"],"picked":"Finisher","floor":13.0},{"not_picked":["Setup","Deflect","Slice"],"picked":"SKIP","floor":14.0},{"not_picked":["Storm of Steel","Envenom"],"picked":"Burst","floor":16.0},{"not_picked":["Flying Knee","Caltrops"],"picked":"PiercingWail","floor":18.0},{"not_picked":["Deflect","Bouncing Flask","Sucker Punch"],"picked":"SKIP","floor":19.0},{"not_picked":["Eviscerate+1","Escape Plan"],"picked":"Cloak And Dagger","floor":20.0},{"not_picked":["PiercingWail","Quick Slash"],"picked":"Phantasmal Killer","floor":22.0},{"not_picked":["Predator","Bane"],"picked":"Blade Dance","floor":23.0},{"not_picked":["Deadly Poison","Setup","Caltrops"],"picked":"Singing Bowl","floor":25.0},{"not_picked":["Bane","Slice","Tactician"],"picked":"Singing Bowl","floor":28.0},{"not_picked":["Outmaneuver","Poisoned Stab","Flying Knee"],"picked":"Singing Bowl","floor":29.0},{"not_picked":["A Thousand Cuts","Doppelganger"],"picked":"After Image","floor":33.0},{"not_picked":["Sucker Punch+1","Tactician"],"picked":"Cloak And Dagger","floor":35.0},{"not_picked":["Concentrate","Sucker Punch","Dodge and Roll"],"picked":"Singing Bowl","floor":36.0},{"not_picked":["Heel Hook","Bane"],"picked":"Backflip","floor":39.0},{"not_picked":["A Thousand Cuts","Deflect","Backflip"],"picked":"Singing Bowl","floor":40.0},{"not_picked":["PanicButton","Swift Strike"],"picked":"Flash of Steel","floor":41.0},{"not_picked":["Forethought","Blind"],"picked":"Dramatic Entrance","floor":41.0},{"not_picked":["Panacea","Swift Strike","Discovery"],"picked":"Singing Bowl","floor":41.0},{"not_picked":["Riddle With Holes","Bane"],"picked":"Acrobatics","floor":42.0},{"not_picked":["Tactician","Sucker Punch","Distraction"],"picked":"Footwork","floor":44},{"not_picked":["Setup+1","PiercingWail","Outmaneuver"],"picked":"Terror","floor":47},{"not_picked":["Bane","Sucker Punch","Dagger Throw"],"picked":"Well Laid Plans","floor":48}],"player_experience":679659,"relics_obtained":[{"floor":6.0,"key":"StrikeDummy"},{"floor":8.0,"key":"Oddly Smooth Stone"},{"floor":9.0,"key":"Bag of Marbles"},{"floor":13.0,"key":"Pear"},{"floor":23.0,"key":"Vajra"},{"floor":25.0,"key":"Singing Bowl"},{"floor":26.0,"key":"Ornamental Fan"},{"floor":36.0,"key":"Unceasing Top"},{"floor":40.0,"key":"MawBank"},{"floor":42.0,"key":"Bottled Flame"},{"floor":43.0,"key":"Question Card"},{"floor":44,"key":"Letter Opener"},{"floor":48,"key":"Turnip"}],"event_choices":[{"damage_healed":0.0,"max_hp_gain":0.0,"max_hp_loss":0.0,"gold_gain":0.0,"event_name":"Upgrade Shrine","player_choice":"Upgraded","floor":2.0,"gold_loss":0.0,"damage_taken":0.0,"cards_upgraded":["Neutralize"]},{"damage_healed":0.0,"max_hp_gain":0.0,"max_hp_loss":0.0,"gold_gain":0.0,"event_name":"Match and Keep!","player_choice":"1 cards matched","floor":12.0,"gold_loss":0.0,"damage_taken":0.0,"cards_obtained":["PiercingWail"]},{"damage_healed":0.0,"max_hp_gain":0.0,"max_hp_loss":0.0,"gold_gain":0.0,"event_name":"Vampires","player_choice":"Ignored","floor":21.0,"gold_loss":0.0,"damage_taken":0.0},{"damage_healed":0.0,"max_hp_gain":0.0,"max_hp_loss":0.0,"gold_gain":0.0,"event_name":"The Mausoleum","player_choice":"Ignored","floor":31.0,"gold_loss":0.0,"damage_taken":0.0},{"damage_healed":0.0,"max_hp_gain":0.0,"max_hp_loss":0.0,"gold_gain":0.0,"event_name":"MindBloom","player_choice":"Fight","floor":36.0,"gold_loss":0.0,"damage_taken":0.0},{"cards_removed":["Deadly Poison"],"damage_healed":0.0,"max_hp_gain":0.0,"max_hp_loss":0.0,"gold_gain":0.0,"event_name":"Falling","player_choice":"Removed Skill","floor":37.0,"gold_loss":0.0,"damage_taken":0.0},{"damage_healed":0.0,"max_hp_gain":0.0,"max_hp_loss":0.0,"gold_gain":0.0,"event_name":"SensoryStone","player_choice":"Memory 3","floor":41.0,"gold_loss":0.0,"damage_taken":10.0},{"damage_healed":0,"gold_gain":0,"player_choice":"Ignored","damage_taken":0,"max_hp_gain":0,"max_hp_loss":0,"event_name":"SecretPortal","floor":45,"gold_loss":0}],"is_beta":false,"boss_relics":[{"not_picked":["Black Star","Tiny House"],"picked":"Coffee Dripper"},{"not_picked":["Astrolabe","Pandora\u0027s Box"],"picked":"WristBlade"}],"items_purged_floors":[4,11,27],"is_endless":false,"potions_floor_spawned":[3,8,10,14,16,18,28,29,36,40,47],"killed_by":"Time Eater","ascension_level":20}