{"gold_per_floor":[110,124,124,174,194,224,224,258,258,258,293,372,400,412,412,412],"floor_reached":16,"playtime":1671,"items_purged":[],"score":306,"play_id":"c3a5e797-6baf-4820-ad19-8b2712dad3bd","local_time":"20211021223755","is_ascension_mode":true,"campfire_choices":[{"data":"Leg Sweep","floor":7.0,"key":"SMITH"},{"floor":10.0,"key":"REST"},{"floor":15.0,"key":"REST"}],"neow_cost":"TEN_PERCENT_HP_LOSS","seed_source_timestamp":395554739758681,"circlet_count":0,"master_deck":["AscendersBane","Strike_G","Strike_G","Strike_G","Strike_G","Defend_G","Defend_G","Defend_G","Defend_G","Defend_G","Survivor","Neutralize","Dagger Throw","Leg Sweep+1","Underhanded Strike","Dagger Throw","PiercingWail","Die Die Die","PiercingWail"],"special_seed":0,"relics":["Ring of the Snake","Du-Vu Doll","Singing Bowl","Mercury Hourglass","PreservedInsect","InkBottle","Calipers"],"potions_floor_usage":[16],"damage_taken":[{"damage":1.0,"enemies":"Jaw Worm","floor":1.0,"turns":5.0},{"damage":2.0,"enemies":"2 Louse","floor":2.0,"turns":4.0},{"damage":0.0,"enemies":"Cultist","floor":5.0,"turns":4.0},{"damage":25.0,"enemies":"3 Sentries","floor":6.0,"turns":12.0},{"damage":15.0,"enemies":"Gremlin Nob","floor":8.0,"turns":4.0},{"damage":12.0,"enemies":"Lagavulin","floor":11.0,"turns":8.0},{"damage":0.0,"enemies":"Gremlin Nob","floor":13.0,"turns":2.0},{"damage":5.0,"enemies":"Exordium Thugs","floor":14.0,"turns":4.0},{"damage":26,"enemies":"Hexaghost","floor":16,"turns":9}],"seed_played":"-6053331912848698234","potions_obtained":[{"floor":1.0,"key":"LiquidBronze"},{"floor":5.0,"key":"Ancient Potion"},{"floor":6.0,"key":"CunningPotion"},{"floor":14.0,"key":"DuplicationPotion"}],"is_trial":false,"path_per_floor":["M","M","?","?","M","E","R","E","T","R","E","T","E","M","R","B"],"character_chosen":"THE_SILENT","items_purchased":[],"campfire_rested":2,"item_purchase_floors":[],"current_hp_per_floor":[58,56,49,43,43,18,18,3,3,21,9,9,11,6,24,0],"gold":412,"neow_bonus":"ONE_RARE_RELIC","is_prod":false,"is_daily":false,"chose_seed":false,"campfire_upgraded":1,"win_rate":0,"timestamp":1634881075,"path_taken":["M","M","?","?","?","E","R","E","T","R","E","?","E","M","R","BOSS"],"build_version":"2020-12-22","purchased_purges":0,"victory":false,"max_hp_per_floor":[60,60,60,60,60,60,60,60,60,60,60,60,62,62,62,62],"relic_stats":{"Calipers":[3],"Singing Bowl":2,"counters":[9,51],"PreservedInsect":22,"obtain_stats":[{"Du-Vu Doll":0,"Calipers":13,"Singing Bowl":6,"PreservedInsect":11,"InkBottle":12,"Ring of the Snake":0,"Mercury Hourglass":8},{"Du-Vu Doll":0,"Calipers":7,"Singing Bowl":4,"PreservedInsect":6,"InkBottle":6,"Ring of the Snake":0,"Mercury Hourglass":5},{"Du-Vu Doll":0,"Calipers":38,"Singing Bowl":25,"PreservedInsect":36,"InkBottle":36,"Ring of the Snake":0,"Mercury Hourglass":29}],"InkBottle":[4],"Ring of the Snake":[18],"Mercury Hourglass":[67]},"card_choices":[{"not_picked":["Expertise","Reflex"],"picked":"Dagger Throw","floor":1.0},{"not_picked":["Tactician","Terror"],"picked":"Leg Sweep","floor":2.0},{"not_picked":["Bouncing Flask","Poisoned Stab"],"picked":"Underhanded Strike","floor":5.0},{"not_picked":["Underhanded Strike","Flying Knee"],"picked":"Dagger Throw","floor":6.0},{"not_picked":["Poisoned Stab","Bane"],"picked":"PiercingWail","floor":8.0},{"not_picked":["Poisoned Stab","Prepared"],"picked":"Die Die Die","floor":11.0},{"not_picked":["Dagger Throw","Flying Knee","Poisoned Stab"],"picked":"Singing Bowl","floor":13.0},{"not_picked":["Blur","Infinite Blades"],"picked":"PiercingWail","floor":14.0}],"player_experience":707798,"relics_obtained":[{"floor":6.0,"key":"Singing Bowl"},{"floor":8.0,"key":"Mercury Hourglass"},{"floor":11.0,"key":"PreservedInsect"},{"floor":12.0,"key":"InkBottle"},{"floor":13.0,"key":"Calipers"}],"event_choices":[{"cards_removed":["Strike_G"],"damage_healed":0.0,"max_hp_gain":0.0,"max_hp_loss":0.0,"gold_gain":0.0,"event_name":"Golden Wing","player_choice":"Card Removal","floor":3.0,"gold_loss":0.0,"damage_taken":7.0},{"damage_healed":0.0,"max_hp_gain":0.0,"max_hp_loss":0.0,"gold_gain":50.0,"event_name":"FaceTrader","player_choice":"Touch","floor":4.0,"gold_loss":0.0,"damage_taken":6.0}],"is_beta":false,"boss_relics":[],"items_purged_floors":[],"is_endless":false,"potions_floor_spawned":[1,5,6,14],"killed_by":"Hexaghost","ascension_level":20}