{"gold_per_floor":[110,110,126,51,62,395,395,425,425,425,325,336,369,444,444,521,521,535,552,564,33,47,79,91,91,160,160,175,207,223,140,140,213,213,231,256,256,146,162,193,209,235,284,294,294,329,346,364,364,364,364],"floor_reached":51,"playtime":8408,"items_purged":["Strike_G","Strike_G","Strike_G"],"score":1648,"play_id":"67a969be-d08b-48bb-9269-e34b7b601fef","local_time":"20211021084137","is_ascension_mode":true,"campfire_choices":[{"data":"Noxious Fumes","floor":7.0,"key":"SMITH"},{"data":"Noxious Fumes","floor":10.0,"key":"SMITH"},{"data":"Neutralize","floor":15.0,"key":"SMITH"},{"data":"Footwork","floor":25.0,"key":"SMITH"},{"data":"Well Laid Plans","floor":32.0,"key":"SMITH"},{"data":"Burst","floor":45.0,"key":"SMITH"},{"floor":49.0,"key":"RECALL"}],"neow_cost":"NONE","seed_source_timestamp":0,"circlet_count":0,"master_deck":["AscendersBane","Defend_G","Defend_G","Defend_G","Survivor","Neutralize+1","Noxious Fumes+1","After Image","PiercingWail","Noxious Fumes+1","Bane","Crippling Poison","Distraction+1","Deadly Poison","PiercingWail","Die Die Die","Dodge and Roll+1","A Thousand Cuts+1","Escape Plan","PiercingWail","Footwork+1","Cloak And Dagger+1","Malaise","Burst+1","Well Laid Plans+1","Adrenaline","Blade Dance+1","PiercingWail+1","Adrenaline","Catalyst","Footwork","Outmaneuver+1","Venomology","Concentrate"],"special_seed":0,"relics":["Ring of the Snake","Vajra","Old Coin","Dead Branch","Torii","Matryoshka","Astrolabe","CaptainsWheel","Gambling Chip","Letter Opener","Singing Bowl","Question Card","Black Star","Prayer Wheel","Juzu Bracelet","Orichalcum","Omamori","Shuriken","Blood Vial","Art of War","StrikeDummy"],"potions_floor_usage":[51,51],"damage_taken":[{"damage":0.0,"enemies":"2 Louse","floor":1.0,"turns":3.0},{"damage":0.0,"enemies":"Cultist","floor":3.0,"turns":4.0},{"damage":4.0,"enemies":"Small Slimes","floor":5.0,"turns":5.0},{"damage":4.0,"enemies":"Lagavulin","floor":6.0,"turns":7.0},{"damage":15.0,"enemies":"3 Sentries","floor":8.0,"turns":5.0},{"damage":0.0,"enemies":"2 Fungi Beasts","floor":12.0,"turns":3.0},{"damage":1.0,"enemies":"Lagavulin","floor":13.0,"turns":5.0},{"damage":3.0,"enemies":"Hexaghost","floor":16.0,"turns":8.0},{"damage":13.0,"enemies":"Chosen","floor":18.0,"turns":5.0},{"damage":0.0,"enemies":"3 Byrds","floor":19.0,"turns":4.0},{"damage":9.0,"enemies":"Snake Plant","floor":20.0,"turns":6.0},{"damage":1.0,"enemies":"Snecko","floor":22.0,"turns":5.0},{"damage":18.0,"enemies":"Slavers","floor":23.0,"turns":6.0},{"damage":2.0,"enemies":"Centurion and Healer","floor":24.0,"turns":8.0},{"damage":3.0,"enemies":"Snake Plant","floor":28.0,"turns":5.0},{"damage":0.0,"enemies":"Book of Stabbing","floor":29.0,"turns":6.0},{"damage":0.0,"enemies":"3 Cultists","floor":30.0,"turns":3.0},{"damage":4.0,"enemies":"Automaton","floor":33.0,"turns":11.0},{"damage":10.0,"enemies":"Orb Walker","floor":35.0,"turns":5.0},{"damage":1.0,"enemies":"Mind Bloom Boss Battle","floor":36.0,"turns":5.0},{"damage":1.0,"enemies":"3 Shapes","floor":39.0,"turns":3.0},{"damage":31.0,"enemies":"Giant Head","floor":40.0,"turns":7.0},{"damage":3.0,"enemies":"Writhing Mass","floor":41.0,"turns":8.0},{"damage":26.0,"enemies":"Nemesis","floor":42.0,"turns":7.0},{"damage":2.0,"enemies":"Sphere and 2 Shapes","floor":44.0,"turns":4.0},{"damage":10.0,"enemies":"Reptomancer","floor":46.0,"turns":5.0},{"damage":0.0,"enemies":"Jaw Worm Horde","floor":47.0,"turns":4.0},{"damage":0.0,"enemies":"3 Darklings","floor":48.0,"turns":3.0},{"damage":2.0,"enemies":"Donu and Deca","floor":50.0,"turns":7.0},{"damage":61,"enemies":"Time Eater","floor":51,"turns":4}],"seed_played":"3384243554101147430","potions_obtained":[{"floor":1.0,"key":"AttackPotion"},{"floor":5.0,"key":"ColorlessPotion"},{"floor":12.0,"key":"EssenceOfSteel"},{"floor":19.0,"key":"LiquidMemories"},{"floor":20.0,"key":"DuplicationPotion"},{"floor":28.0,"key":"FairyPotion"},{"floor":29.0,"key":"Poison Potion"},{"floor":30.0,"key":"CunningPotion"},{"floor":36.0,"key":"DistilledChaos"},{"floor":42.0,"key":"Block Potion"},{"floor":47.0,"key":"CunningPotion"},{"floor":48.0,"key":"DuplicationPotion"}],"is_trial":false,"path_per_floor":["M","?","M","$","M","E","R","E","T","R","$","M","E","?","R","B",null,"M","M","M","$","M","E","M","R","T","?","M","E","M","$","R","B",null,"M","?","?","?","M","E","M","E","T","M","R","E","M","M","R","B","B"],"character_chosen":"THE_SILENT","items_purchased":["CaptainsWheel","Footwork","Well Laid Plans"],"campfire_rested":0,"item_purchase_floors":[21,21,31],"current_hp_per_floor":[59,59,59,59,55,51,51,36,36,36,36,36,35,24,24,21,55,42,42,33,33,32,14,12,12,12,12,11,13,13,13,13,9,55,45,44,44,44,43,14,15,22,22,24,24,16,20,26,26,26,0],"gold":364,"neow_bonus":"RANDOM_COMMON_RELIC","is_prod":false,"is_daily":false,"chose_seed":false,"campfire_upgraded":6,"win_rate":0,"timestamp":1634830897,"path_taken":["M","?","M","?","M","E","R","E","T","R","$","M","E","?","R","BOSS","M","M","M","$","M","E","M","R","T","?","M","E","M","$","R","BOSS","M","?","?","?","M","E","M","E","T","M","R","E","M","M","R","BOSS","BOSS"],"build_version":"2020-12-22","purchased_purges":3,"victory":false,"max_hp_per_floor":[66,66,66,66,66,66,66,66,66,66,66,66,66,66,66,66,66,66,66,66,66,66,66,66,66,66,66,68,70,70,70,70,70,70,70,70,70,70,70,72,76,76,76,78,78,78,80,84,84,84,84],"relic_stats":{"Torii":49,"Singing Bowl":18,"counters":[30,161],"Dead Branch":[242],"Astrolabe":["Dodge and Roll","A Thousand Cuts","Underhanded Strike"],"Juzu Bracelet":0,"Omamori":0,"Letter Opener":[386],"Orichalcum":[18],"Question Card":17,"Blood Vial":12,"Matryoshka":2,"Shuriken":[10],"Gambling Chip":[43],"Prayer Wheel":5,"Black Star":3,"Art of War":[5],"obtain_stats":[{"Torii":9,"Singing Bowl":26,"Dead Branch":8,"Astrolabe":17,"Vajra":0,"Juzu Bracelet":40,"Omamori":42,"Letter Opener":26,"Orichalcum":40,"Question Card":29,"Old Coin":6,"Blood Vial":43,"CaptainsWheel":21,"Matryoshka":13,"Shuriken":42,"Gambling Chip":23,"Prayer Wheel":36,"Black Star":34,"Art of War":46,"StrikeDummy":46,"Ring of the Snake":0},{"Torii":5,"Singing Bowl":14,"Dead Branch":5,"Astrolabe":8,"Vajra":0,"Juzu Bracelet":22,"Omamori":24,"Letter Opener":14,"Orichalcum":22,"Question Card":16,"Old Coin":4,"Blood Vial":24,"CaptainsWheel":11,"Matryoshka":7,"Shuriken":24,"Gambling Chip":13,"Prayer Wheel":20,"Black Star":18,"Art of War":26,"StrikeDummy":26,"Ring of the Snake":0},{"Torii":24,"Singing Bowl":74,"Dead Branch":24,"Astrolabe":40,"Vajra":0,"Juzu Bracelet":119,"Omamori":134,"Letter Opener":74,"Orichalcum":119,"Question Card":85,"Old Coin":19,"Blood Vial":134,"CaptainsWheel":55,"Matryoshka":32,"Shuriken":134,"Gambling Chip":66,"Prayer Wheel":109,"Black Star":99,"Art of War":143,"StrikeDummy":143,"Ring of the Snake":0}],"Ring of the Snake":[60]},"card_choices":[{"not_picked":["Accuracy","Acrobatics"],"picked":"Slice","floor":1.0},{"not_picked":["Underhanded Strike","Acrobatics"],"picked":"Noxious Fumes","floor":3.0},{"not_picked":["Flechettes","Eviscerate"],"picked":"Bane","floor":5.0},{"not_picked":["Concentrate","Choke"],"picked":"Crippling Poison","floor":6.0},{"not_picked":["Dagger Spray","Skewer"],"picked":"Distraction","floor":8.0},{"not_picked":["Underhanded Strike","Deflect"],"picked":"Deadly Poison","floor":12.0},{"not_picked":["Choke","Tactician"],"picked":"PiercingWail","floor":13.0},{"not_picked":["A Thousand Cuts","Grand Finale"],"picked":"Die Die Die","floor":16.0},{"not_picked":["Deflect","Outmaneuver"],"picked":"Escape Plan","floor":18.0},{"not_picked":["Outmaneuver","Dagger Spray","Slice"],"picked":"SKIP","floor":19.0},{"not_picked":["Sucker Punch","Finisher+1"],"picked":"PiercingWail","floor":20.0},{"not_picked":["Cloak And Dagger","Dagger Spray+1","Prepared"],"picked":"SKIP","floor":22.0},{"not_picked":["Cloak And Dagger","Dagger Spray+1","Prepared"],"picked":"SKIP","floor":22.0},{"not_picked":["Choke","Dagger Throw+1","Quick Slash"],"picked":"SKIP","floor":23.0},{"not_picked":["Acrobatics","Noxious Fumes"],"picked":"Cloak And Dagger+1","floor":24.0},{"not_picked":["Dagger Spray","Blade Dance","Deadly Poison+1"],"picked":"Singing Bowl","floor":28.0},{"not_picked":["All Out Attack","Sucker Punch","Dodge and Roll+1"],"picked":"Singing Bowl","floor":29.0},{"not_picked":["Predator","Sucker Punch","Acrobatics"],"picked":"Burst","floor":30.0},{"not_picked":["Glass Knife","Grand Finale","Die Die Die"],"picked":"Adrenaline","floor":33.0},{"not_picked":["Predator+1","Dagger Spray","Cloak And Dagger"],"picked":"Blade Dance+1","floor":35.0},{"not_picked":["Eviscerate","Prepared+1","Backflip+1"],"picked":"PiercingWail+1","floor":36.0},{"not_picked":["Backflip","Underhanded Strike","Escape Plan"],"picked":"Adrenaline","floor":39.0},{"not_picked":["Footwork+1","Outmaneuver","Prepared"],"picked":"Catalyst","floor":39.0},{"not_picked":["Flying Knee","Poisoned Stab","Prepared","Bane"],"picked":"Singing Bowl","floor":40.0},{"not_picked":["Skewer+1","Poisoned Stab","Backflip","Tactician"],"picked":"Singing Bowl","floor":41.0},{"not_picked":["Slice","Prepared","Dagger Spray","Sucker Punch+1"],"picked":"Singing Bowl","floor":41.0},{"not_picked":["Backflip","Poisoned Stab","Choke"],"picked":"Footwork","floor":42.0},{"not_picked":["Deadly Poison","Bane+1","Deflect","Terror"],"picked":"Singing Bowl","floor":44.0},{"not_picked":["Deflect","Blade Dance","Acrobatics"],"picked":"Outmaneuver+1","floor":44.0},{"not_picked":["Slice+1","Cloak And Dagger+1","Leg Sweep"],"picked":"Venomology","floor":46.0},{"not_picked":["Dodge and Roll","Infinite Blades","Quick Slash+1","Prepared"],"picked":"Singing Bowl","floor":47.0},{"not_picked":["Dagger Throw","Terror","Bane+1"],"picked":"Concentrate","floor":47.0},{"not_picked":["Dagger Spray","Envenom","Bane","Acrobatics+1"],"picked":"Singing Bowl","floor":48.0},{"not_picked":["Quick Slash","Cloak And Dagger","Well Laid Plans","Blade Dance"],"picked":"Singing Bowl","floor":48.0}],"player_experience":692056,"relics_obtained":[{"floor":6.0,"key":"Old Coin"},{"floor":8.0,"key":"Dead Branch"},{"floor":9.0,"key":"Torii"},{"floor":13.0,"key":"Matryoshka"},{"floor":23.0,"key":"Gambling Chip"},{"floor":26.0,"key":"Letter Opener"},{"floor":26.0,"key":"Singing Bowl"},{"floor":29.0,"key":"Question Card"},{"floor":36.0,"key":"Prayer Wheel"},{"floor":40.0,"key":"Juzu Bracelet"},{"floor":40.0,"key":"Orichalcum"},{"floor":42.0,"key":"Omamori"},{"floor":42.0,"key":"Shuriken"},{"floor":43.0,"key":"Blood Vial"},{"floor":46.0,"key":"Art of War"},{"floor":46.0,"key":"StrikeDummy"}],"event_choices":[{"damage_healed":0.0,"max_hp_gain":0.0,"max_hp_loss":0.0,"gold_gain":0.0,"event_name":"Match and Keep!","player_choice":"3 cards matched","floor":2.0,"gold_loss":0.0,"damage_taken":0.0,"cards_obtained":["Noxious Fumes","After Image","PiercingWail"]},{"damage_healed":0.0,"max_hp_gain":0.0,"max_hp_loss":0.0,"gold_gain":75.0,"event_name":"World of Goop","player_choice":"Gather Gold","floor":14.0,"gold_loss":0.0,"damage_taken":11.0},{"damage_healed":0.0,"max_hp_gain":0.0,"max_hp_loss":0.0,"gold_gain":0.0,"cards_transformed":["Slice","Defend_G"],"event_name":"Drug Dealer","player_choice":"Became Test Subject","floor":27.0,"gold_loss":0.0,"damage_taken":0.0,"cards_obtained":["Malaise","Caltrops"]},{"damage_healed":0.0,"max_hp_gain":0.0,"max_hp_loss":0.0,"gold_gain":0.0,"event_name":"MindBloom","player_choice":"Fight","floor":36.0,"gold_loss":0.0,"damage_taken":0.0},{"cards_removed":["Caltrops"],"damage_healed":0.0,"max_hp_gain":0.0,"max_hp_loss":0.0,"gold_gain":0.0,"event_name":"Falling","player_choice":"Removed Power","floor":37.0,"gold_loss":0.0,"damage_taken":0.0},{"cards_removed":["Underhanded Strike"],"damage_healed":0.0,"max_hp_gain":0.0,"max_hp_loss":0.0,"gold_gain":0.0,"event_name":"Designer","player_choice":"Upgrade and Remove","floor":38.0,"gold_loss":110.0,"damage_taken":0.0,"cards_upgraded":["Distraction"]}],"is_beta":false,"boss_relics":[{"not_picked":["HoveringKite","Busted Crown"],"picked":"Astrolabe"},{"not_picked":["SacredBark","Empty Cage"],"picked":"Black Star"}],"items_purged_floors":[4,11,21],"is_endless":false,"potions_floor_spawned":[1,5,12,19,20,28,29,30,36,42,47,48],"killed_by":"Time Eater","ascension_level":20}