{"gold_per_floor":[214,231,242,254,92,126,126,157,181,211,176,176,185,185],"floor_reached":14,"playtime":1090,"items_purged":["Strike_G"],"score":216,"play_id":"9a35c0f2-0dba-466b-bc79-777ac336df69","local_time":"20211020184630","is_ascension_mode":true,"campfire_choices":[{"floor":7.0,"key":"REST"},{"data":"Leg Sweep","floor":12.0,"key":"SMITH"}],"neow_cost":"NONE","seed_source_timestamp":321800454717758,"circlet_count":0,"master_deck":["AscendersBane","Strike_G","Strike_G","Strike_G","Strike_G","Defend_G","Defend_G","Defend_G","Defend_G","Survivor+1","Neutralize","Heel Hook","Infinite Blades","Blade Dance","Leg Sweep+1","Blade Dance","Dagger Spray","Terror","Blur+1","Acrobatics"],"special_seed":0,"relics":["Ring of the Snake","Bottled Lightning","War Paint","CeramicFish"],"potions_floor_usage":[],"damage_taken":[{"damage":1.0,"enemies":"2 Louse","floor":1.0,"turns":3.0},{"damage":2.0,"enemies":"Small Slimes","floor":2.0,"turns":6.0},{"damage":1.0,"enemies":"Cultist","floor":3.0,"turns":4.0},{"damage":10.0,"enemies":"Exordium Wildlife","floor":4.0,"turns":6.0},{"damage":24.0,"enemies":"Lagavulin","floor":6.0,"turns":9.0},{"damage":21.0,"enemies":"Gremlin Nob","floor":8.0,"turns":4.0},{"damage":16.0,"enemies":"3 Sentries","floor":10.0,"turns":8.0},{"damage":22,"enemies":"Gremlin Nob","floor":14,"turns":3}],"seed_played":"7023967212205478564","potions_obtained":[{"floor":1.0,"key":"CunningPotion"},{"floor":2.0,"key":"SpeedPotion"},{"floor":4.0,"key":"Block Potion"}],"is_trial":false,"path_per_floor":["M","M","M","M","$","E","R","E","T","E","?","R","?","E"],"character_chosen":"THE_SILENT","items_purchased":["Blade Dance","Dagger Spray"],"campfire_rested":1,"item_purchase_floors":[5,5],"current_hp_per_floor":[58,56,55,45,45,21,40,19,19,3,19,19,19,0],"gold":185,"neow_bonus":"HUNDRED_GOLD","is_prod":false,"is_daily":false,"chose_seed":false,"campfire_upgraded":1,"win_rate":0,"timestamp":1634780790,"path_taken":["M","M","M","M","$","E","R","E","T","E","?","R","?","E"],"build_version":"2020-12-22","purchased_purges":1,"victory":false,"max_hp_per_floor":[66,66,66,66,66,66,66,66,66,66,66,66,66,66],"relic_stats":{"counters":[8,43],"CeramicFish":9,"Bottled Lightning":"Blade Dance","War Paint":["Blur","Survivor"],"obtain_stats":[{"CeramicFish":10,"Bottled Lightning":6,"War Paint":8,"Ring of the Snake":0},{"CeramicFish":7,"Bottled Lightning":5,"War Paint":6,"Ring of the Snake":0},{"CeramicFish":40,"Bottled Lightning":28,"War Paint":32,"Ring of the Snake":0}],"Ring of the Snake":[16]},"card_choices":[{"not_picked":["Footwork","Catalyst"],"picked":"Heel Hook","floor":1.0},{"not_picked":["Tactician","Blur"],"picked":"Infinite Blades","floor":2.0},{"not_picked":["Outmaneuver","Slice"],"picked":"Blade Dance","floor":3.0},{"not_picked":["Poisoned Stab","Choke"],"picked":"Leg Sweep","floor":4.0},{"not_picked":["Flechettes","Blade Dance"],"picked":"Terror","floor":6.0},{"not_picked":["Endless Agony","Tactician"],"picked":"Blur","floor":8.0},{"not_picked":["Deflect","Concentrate","Slice"],"picked":"SKIP","floor":10.0}],"player_experience":688216,"relics_obtained":[{"floor":6.0,"key":"Bottled Lightning"},{"floor":8.0,"key":"War Paint"},{"floor":10.0,"key":"CeramicFish"}],"event_choices":[{"damage_healed":16.0,"max_hp_gain":0.0,"max_hp_loss":0.0,"gold_gain":0.0,"event_name":"The Cleric","player_choice":"Healed","floor":11.0,"gold_loss":35.0,"damage_taken":0.0},{"damage_healed":0.0,"max_hp_gain":0.0,"max_hp_loss":0.0,"gold_gain":0.0,"cards_transformed":["Defend_G"],"event_name":"Living Wall","player_choice":"Change","floor":13.0,"gold_loss":0.0,"damage_taken":0.0,"cards_obtained":["Acrobatics"]}],"is_beta":false,"boss_relics":[],"items_purged_floors":[5],"is_endless":false,"potions_floor_spawned":[1,2,4],"killed_by":"Gremlin Nob","ascension_level":20}