{"gold_per_floor":[119,119,138,151,170,198,198,198],"floor_reached":8,"playtime":943,"items_purged":[],"score":116,"play_id":"92871e1d-58f5-47d1-8b79-66b826fd2c2f","local_time":"20211021225643","is_ascension_mode":true,"campfire_choices":[{"data":"Blade Dance","floor":7,"key":"SMITH"}],"neow_cost":"TEN_PERCENT_HP_LOSS","seed_source_timestamp":397786801666344,"circlet_count":0,"master_deck":["AscendersBane","Strike_G","Strike_G","Strike_G","Strike_G","Defend_G","Defend_G","Defend_G","Defend_G","Survivor","Neutralize","Die Die Die+1","Masterful Stab","Acrobatics","Sucker Punch","Blade Dance+1","Backflip"],"special_seed":0,"relics":["Ring of the Snake","Potion Belt"],"potions_floor_usage":[6],"damage_taken":[{"damage":0.0,"enemies":"Cultist","floor":1.0,"turns":3.0},{"damage":0.0,"enemies":"2 Louse","floor":3.0,"turns":1.0},{"damage":0,"enemies":"Jaw Worm","floor":4,"turns":2},{"damage":1,"enemies":"3 Louse","floor":5,"turns":2},{"damage":24,"enemies":"Gremlin Nob","floor":6,"turns":5},{"damage":35,"enemies":"Lagavulin","floor":8,"turns":8}],"seed_played":"685567084604054118","potions_obtained":[{"floor":1.0,"key":"GhostInAJar"}],"is_trial":false,"path_per_floor":["M","?","M","M","M","E","R","E"],"character_chosen":"THE_SILENT","items_purchased":[],"campfire_rested":0,"item_purchase_floors":[],"current_hp_per_floor":[59,59,59,59,58,34,34,0],"gold":198,"neow_bonus":"TRANSFORM_TWO_CARDS","is_prod":false,"is_daily":false,"chose_seed":false,"campfire_upgraded":1,"win_rate":0,"timestamp":1634882203,"path_taken":["M","?","M","?","M","E","R","E"],"build_version":"2020-12-22","purchased_purges":0,"victory":false,"max_hp_per_floor":[60,60,60,60,60,60,60,60],"relic_stats":{"counters":[6,21],"obtain_stats":[{"Potion Belt":6,"Ring of the Snake":0},{"Potion Belt":5,"Ring of the Snake":0},{"Potion Belt":13,"Ring of the Snake":0}],"Ring of the Snake":[12]},"card_choices":[{"not_picked":["Reflex","Bane"],"picked":"Acrobatics","floor":1.0},{"not_picked":["Bane","Dodge and Roll"],"picked":"Sucker Punch","floor":3},{"not_picked":["Finisher","Setup","Prepared"],"picked":"SKIP","floor":4},{"not_picked":["Outmaneuver","Quick Slash"],"picked":"Blade Dance","floor":5},{"not_picked":["Eviscerate","All Out Attack"],"picked":"Backflip","floor":6}],"player_experience":709469,"relics_obtained":[{"floor":6,"key":"Potion Belt"}],"event_choices":[{"damage_healed":0.0,"max_hp_gain":0.0,"max_hp_loss":0.0,"gold_gain":0.0,"event_name":"Upgrade Shrine","player_choice":"Upgraded","floor":2.0,"gold_loss":0.0,"damage_taken":0.0,"cards_upgraded":["Die Die Die"]}],"is_beta":false,"boss_relics":[],"items_purged_floors":[],"is_endless":false,"potions_floor_spawned":[1],"killed_by":"Lagavulin","ascension_level":20}