{"gold_per_floor":[117,136,147,159,28,28,63,63,63,96,106,31,62,74,74,148,148,161,161,161,171,5,5,30,30,30,55,67,109,26,41,41,41],"floor_reached":33,"playtime":1991,"items_purged":["Strike_G"],"score":646,"play_id":"13002999-2f19-4fbf-b5c1-88d946f7bd8b","local_time":"20211020181837","is_ascension_mode":true,"campfire_choices":[{"data":"Die Die Die","floor":6.0,"key":"SMITH"},{"data":"Crippling Poison","floor":8.0,"key":"SMITH"},{"data":"Bullet Time","floor":15.0,"key":"SMITH"},{"data":"Wraith Form v2","floor":23.0,"key":"SMITH"},{"data":"Neutralize","floor":25.0,"key":"SMITH"},{"data":"Bouncing Flask","floor":28.0,"key":"SMITH"},{"floor":32,"key":"REST"}],"neow_cost":"NONE","seed_source_timestamp":319128018660168,"circlet_count":0,"master_deck":["AscendersBane","Strike_G","Strike_G","Defend_G","Defend_G","Defend_G","Defend_G","Survivor","Neutralize+1","Poisoned Stab","Crippling Poison+1","Die Die Die+1","Poisoned Stab","Dagger Throw","Eviscerate","Predator","Backflip","Bullet Time+1","Wraith Form v2+1","Dagger Throw","Deadly Poison","Skewer","Bouncing Flask+1","Acrobatics","Underhanded Strike","Unload","Well Laid Plans","Acrobatics+1"],"special_seed":0,"relics":["SacredBark","Pear","Mercury Hourglass","Bottled Lightning","Paper Crane","SlaversCollar","Potion Belt","Happy Flower","Letter Opener","MawBank","Bag of Preparation"],"potions_floor_usage":[31],"damage_taken":[{"damage":2.0,"enemies":"2 Louse","floor":1.0,"turns":3.0},{"damage":7.0,"enemies":"Jaw Worm","floor":2.0,"turns":4.0},{"damage":4.0,"enemies":"Small Slimes","floor":3.0,"turns":3.0},{"damage":8.0,"enemies":"Exordium Wildlife","floor":4.0,"turns":6.0},{"damage":29.0,"enemies":"Gremlin Nob","floor":7.0,"turns":4.0},{"damage":10.0,"enemies":"Lagavulin","floor":10.0,"turns":6.0},{"damage":4.0,"enemies":"Large Slime","floor":11.0,"turns":4.0},{"damage":22.0,"enemies":"3 Sentries","floor":13.0,"turns":8.0},{"damage":6.0,"enemies":"Looter","floor":14.0,"turns":3.0},{"damage":19.0,"enemies":"Hexaghost","floor":16.0,"turns":9.0},{"damage":0.0,"enemies":"3 Byrds","floor":18.0,"turns":2.0},{"damage":0.0,"enemies":"Spheric Guardian","floor":21.0,"turns":1.0},{"damage":23.0,"enemies":"Book of Stabbing","floor":24.0,"turns":6.0},{"damage":13.0,"enemies":"Gremlin Leader","floor":27.0,"turns":5.0},{"damage":8.0,"enemies":"Slavers","floor":29.0,"turns":2.0},{"damage":10,"enemies":"Shelled Parasite and Fungi","floor":31,"turns":2},{"damage":27,"enemies":"Champ","floor":33,"turns":3}],"seed_played":"6097008155127945945","potions_obtained":[{"floor":10.0,"key":"Regen Potion"},{"floor":14.0,"key":"Explosive Potion"},{"floor":16.0,"key":"Fire Potion"},{"floor":27.0,"key":"LiquidBronze"},{"floor":29.0,"key":"Weak Potion"},{"floor":31,"key":"Fire Potion"}],"is_trial":false,"path_per_floor":["M","M","M","M","$","R","E","R","T","E","M","?","E","M","R","B",null,"M","?","?","M","$","R","E","R","T","E","R","E","$","M","R","B"],"character_chosen":"THE_SILENT","items_purchased":["Dagger Throw","Potion Belt","Well Laid Plans","SkillPotion"],"campfire_rested":1,"item_purchase_floors":[5,22,30,30],"current_hp_per_floor":[57,50,46,38,38,38,19,19,19,9,5,5,32,26,26,7,59,59,59,59,59,59,59,36,36,36,23,23,15,15,5,27,0],"gold":41,"neow_bonus":"BOSS_RELIC","is_prod":false,"is_daily":false,"chose_seed":false,"campfire_upgraded":6,"win_rate":0,"timestamp":1634779117,"path_taken":["M","M","M","M","$","R","E","R","T","E","M","?","E","M","R","BOSS","M","?","?","M","$","R","E","R","T","E","R","E","$","M","R","BOSS"],"build_version":"2020-12-22","purchased_purges":1,"victory":false,"max_hp_per_floor":[66,66,66,66,66,66,76,76,76,76,76,76,76,76,76,76,76,76,76,76,76,76,76,76,76,76,76,76,76,76,76,76,76],"relic_stats":{"Happy Flower":[4],"counters":[17,70],"Bag of Preparation":[4],"Bottled Lightning":"Crippling Poison","Letter Opener":[30],"MawBank":36,"obtain_stats":[{"Potion Belt":22,"SlaversCollar":17,"Pear":7,"Happy Flower":24,"SacredBark":0,"Bag of Preparation":29,"Bottled Lightning":10,"Letter Opener":26,"Paper Crane":13,"MawBank":27,"Ring of the Snake":0,"Mercury Hourglass":9},{"Potion Belt":12,"SlaversCollar":10,"Pear":5,"Happy Flower":13,"SacredBark":0,"Bag of Preparation":15,"Bottled Lightning":6,"Letter Opener":13,"Paper Crane":8,"MawBank":14,"Ring of the Snake":0,"Mercury Hourglass":5},{"Potion Belt":52,"SlaversCollar":49,"Pear":20,"Happy Flower":58,"SacredBark":0,"Bag of Preparation":65,"Bottled Lightning":26,"Letter Opener":58,"Paper Crane":37,"MawBank":63,"Ring of the Snake":0,"Mercury Hourglass":20}],"Mercury Hourglass":[194]},"card_choices":[{"not_picked":["Slice","Prepared"],"picked":"Poisoned Stab","floor":1.0},{"not_picked":["Slice","Setup"],"picked":"Crippling Poison","floor":2.0},{"not_picked":["Leg Sweep","Backflip"],"picked":"Die Die Die","floor":3.0},{"not_picked":["Quick Slash","Dodge and Roll"],"picked":"Poisoned Stab","floor":4.0},{"not_picked":["Dagger Spray","Outmaneuver"],"picked":"Eviscerate","floor":7.0},{"not_picked":["Reflex","Outmaneuver"],"picked":"Predator","floor":10.0},{"not_picked":["Dagger Throw","Riddle With Holes"],"picked":"Backflip","floor":11.0},{"not_picked":["Outmaneuver","Tactician","Accuracy"],"picked":"SKIP","floor":13.0},{"not_picked":["Outmaneuver","Sucker Punch"],"picked":"Bullet Time","floor":14.0},{"not_picked":["Night Terror","Malaise"],"picked":"Wraith Form v2","floor":16.0},{"not_picked":["Riddle With Holes","Slice"],"picked":"Dagger Throw","floor":18.0},{"not_picked":["Infinite Blades+1","Blade Dance"],"picked":"Bouncing Flask","floor":21.0},{"not_picked":["Quick Slash","Reflex"],"picked":"Acrobatics","floor":24.0},{"not_picked":["Sucker Punch","Infinite Blades"],"picked":"Underhanded Strike","floor":27.0},{"not_picked":["Footwork","Dodge and Roll"],"picked":"Unload","floor":29.0},{"not_picked":["Choke","PiercingWail"],"picked":"Acrobatics+1","floor":31}],"player_experience":686225,"relics_obtained":[{"floor":7.0,"key":"Pear"},{"floor":9.0,"key":"Mercury Hourglass"},{"floor":10.0,"key":"Bottled Lightning"},{"floor":13.0,"key":"Paper Crane"},{"floor":24.0,"key":"Happy Flower"},{"floor":26.0,"key":"Letter Opener"},{"floor":27.0,"key":"MawBank"},{"floor":29.0,"key":"Bag of Preparation"}],"event_choices":[{"cards_removed":["Strike_G"],"damage_healed":0.0,"max_hp_gain":0.0,"max_hp_loss":0.0,"gold_gain":0.0,"event_name":"The Cleric","player_choice":"Card Removal","floor":12.0,"gold_loss":75.0,"damage_taken":0.0},{"damage_healed":0.0,"max_hp_gain":0.0,"max_hp_loss":0.0,"gold_gain":0.0,"cards_transformed":["Defend_G","Strike_G"],"event_name":"Drug Dealer","player_choice":"Became Test Subject","floor":19.0,"gold_loss":0.0,"damage_taken":0.0,"cards_obtained":["Deadly Poison","Skewer"]},{"damage_healed":0.0,"max_hp_gain":0.0,"max_hp_loss":0.0,"gold_gain":0.0,"event_name":"Vampires","player_choice":"Ignored","floor":20.0,"gold_loss":0.0,"damage_taken":0.0}],"is_beta":false,"boss_relics":[{"not_picked":["Ectoplasm","Fusion Hammer"],"picked":"SlaversCollar"}],"items_purged_floors":[5],"is_endless":false,"potions_floor_spawned":[10,14,16,27,29,31],"killed_by":"Champ","ascension_level":20}