{"gold_per_floor":[214,139,158,233,252,252,286,160,160,160,189,201,230,230,230,305,305,316,241,241,256,269,294,294,319,319,347,365,365],"floor_reached":29,"playtime":1822,"items_purged":["Strike_G","Defend_G"],"score":652,"play_id":"c1527a77-1648-42d5-ac3a-cc74f62421b1","local_time":"20211020193335","is_ascension_mode":true,"campfire_choices":[{"data":"Bouncing Flask","floor":6.0,"key":"SMITH"},{"data":"Catalyst","floor":10.0,"key":"SMITH"},{"floor":15.0,"key":"REST"},{"data":"Night Terror","floor":24.0,"key":"SMITH"}],"neow_cost":"NONE","seed_source_timestamp":323297130041063,"circlet_count":0,"master_deck":["AscendersBane","Strike_G","Strike_G","Defend_G","Defend_G","Defend_G","Survivor","Neutralize","Poisoned Stab","Bouncing Flask+1","Predator","Catalyst+1","Deadly Poison","Acrobatics","Leg Sweep","Deadly Poison","Night Terror+1","Poisoned Stab+1","Escape Plan","Backflip"],"special_seed":0,"relics":["Ring of the Snake","Anchor","Molten Egg 2","Toy Ornithopter","Question Card","Busted Crown","Shuriken","Thread and Needle","Vajra"],"potions_floor_usage":[],"damage_taken":[{"damage":3.0,"enemies":"Cultist","floor":1.0,"turns":5.0},{"damage":6.0,"enemies":"Small Slimes","floor":3.0,"turns":4.0},{"damage":2.0,"enemies":"Jaw Worm","floor":5.0,"turns":4.0},{"damage":12.0,"enemies":"Lagavulin","floor":7.0,"turns":5.0},{"damage":9.0,"enemies":"Gremlin Nob","floor":11.0,"turns":3.0},{"damage":0.0,"enemies":"2 Fungi Beasts","floor":12.0,"turns":2.0},{"damage":7.0,"enemies":"Lagavulin","floor":13.0,"turns":6.0},{"damage":2.0,"enemies":"Hexaghost","floor":16.0,"turns":6.0},{"damage":0.0,"enemies":"Chosen","floor":18.0,"turns":3.0},{"damage":6.0,"enemies":"Shell Parasite","floor":21.0,"turns":2.0},{"damage":0.0,"enemies":"Centurion and Healer","floor":22.0,"turns":4.0},{"damage":8.0,"enemies":"Book of Stabbing","floor":23.0,"turns":3.0},{"damage":14.0,"enemies":"Gremlin Leader","floor":25.0,"turns":4.0},{"damage":12.0,"enemies":"Book of Stabbing","floor":27.0,"turns":4.0},{"damage":5.0,"enemies":"Cultist and Chosen","floor":28.0,"turns":3.0},{"damage":28,"enemies":"Gremlin Leader","floor":29,"turns":5}],"seed_played":"-5164224530723976574","potions_obtained":[{"floor":3.0,"key":"PowerPotion"},{"floor":11.0,"key":"LiquidBronze"},{"floor":13.0,"key":"FearPotion"},{"floor":16.0,"key":"PowerPotion"},{"floor":21.0,"key":"Block Potion"},{"floor":27.0,"key":"DuplicationPotion"}],"is_trial":false,"path_per_floor":["M","$","M","?","M","R","E","$","T","R","E","M","E","?","R","B",null,"M","?","?","M","M","E","R","E","T","E","M","E"],"character_chosen":"THE_SILENT","items_purchased":["Deadly Poison"],"campfire_rested":1,"item_purchase_floors":[8],"current_hp_per_floor":[56,56,50,39,37,37,25,25,25,25,16,16,9,2,21,24,56,56,56,56,50,50,47,47,38,38,26,21,0],"gold":365,"neow_bonus":"HUNDRED_GOLD","is_prod":false,"is_daily":false,"chose_seed":false,"campfire_upgraded":3,"win_rate":0,"timestamp":1634783615,"path_taken":["M","$","M","?","M","R","E","$","T","R","E","M","E","?","R","BOSS","M","?","?","?","M","E","R","E","T","E","M","E"],"build_version":"2020-12-22","purchased_purges":2,"victory":false,"max_hp_per_floor":[66,66,66,66,66,66,66,66,66,66,66,66,66,66,66,66,66,66,66,66,66,66,66,66,66,66,66,66,66],"relic_stats":{"Busted Crown":14,"counters":[16,63],"Shuriken":[1],"Question Card":8,"obtain_stats":[{"Anchor":7,"Busted Crown":17,"Shuriken":23,"Vajra":27,"Molten Egg 2":9,"Thread and Needle":25,"Question Card":13,"Toy Ornithopter":11,"Ring of the Snake":0},{"Anchor":4,"Busted Crown":8,"Shuriken":12,"Vajra":14,"Molten Egg 2":4,"Thread and Needle":13,"Question Card":7,"Toy Ornithopter":5,"Ring of the Snake":0},{"Anchor":18,"Busted Crown":35,"Shuriken":47,"Vajra":55,"Molten Egg 2":18,"Thread and Needle":51,"Question Card":29,"Toy Ornithopter":21,"Ring of the Snake":0}],"Toy Ornithopter":15,"Ring of the Snake":[32]},"card_choices":[{"not_picked":["Quick Slash","Dagger Spray"],"picked":"Poisoned Stab","floor":1.0},{"not_picked":["Caltrops","PiercingWail"],"picked":"Bouncing Flask","floor":3.0},{"not_picked":["Blade Dance","Outmaneuver"],"picked":"Predator","floor":5.0},{"not_picked":["All Out Attack","Tactician"],"picked":"Catalyst","floor":7.0},{"not_picked":["Slice+1","Bouncing Flask"],"picked":"Acrobatics","floor":11.0},{"not_picked":["Deflect","Quick Slash+1"],"picked":"Leg Sweep","floor":12.0},{"not_picked":["Blade Dance","Prepared"],"picked":"Deadly Poison","floor":13.0},{"not_picked":["Die Die Die+1","Tools of the Trade","Venomology"],"picked":"Night Terror","floor":16.0},{"not_picked":["Quick Slash+1","Cloak And Dagger"],"picked":"SKIP","floor":18.0},{"not_picked":["Quick Slash+1","Cloak And Dagger"],"picked":"SKIP","floor":18.0},{"not_picked":["Sucker Punch+1"],"picked":"Poisoned Stab+1","floor":21.0},{"not_picked":["Dagger Spray+1","Eviscerate+1"],"picked":"SKIP","floor":22.0},{"not_picked":["Terror"],"picked":"Escape Plan","floor":23.0},{"not_picked":["Distraction","Heel Hook+1"],"picked":"SKIP","floor":25.0},{"not_picked":["Concentrate","Quick Slash+1"],"picked":"SKIP","floor":27.0},{"not_picked":["Caltrops"],"picked":"Backflip","floor":28.0}],"player_experience":689306,"relics_obtained":[{"floor":7.0,"key":"Anchor"},{"floor":9.0,"key":"Molten Egg 2"},{"floor":11.0,"key":"Toy Ornithopter"},{"floor":13.0,"key":"Question Card"},{"floor":23.0,"key":"Shuriken"},{"floor":25.0,"key":"Thread and Needle"},{"floor":27.0,"key":"Vajra"}],"event_choices":[{"damage_healed":0.0,"max_hp_gain":0.0,"max_hp_loss":0.0,"gold_gain":75.0,"event_name":"World of Goop","player_choice":"Gather Gold","floor":4.0,"gold_loss":0.0,"damage_taken":11.0},{"cards_removed":["Strike_G"],"damage_healed":0.0,"max_hp_gain":0.0,"max_hp_loss":0.0,"gold_gain":0.0,"event_name":"Golden Wing","player_choice":"Card Removal","floor":14.0,"gold_loss":0.0,"damage_taken":7.0},{"cards_removed":["Strike_G"],"damage_healed":0.0,"max_hp_gain":0.0,"max_hp_loss":0.0,"gold_gain":0.0,"event_name":"Beggar","player_choice":"Gave Gold","floor":19.0,"gold_loss":75.0,"damage_taken":0.0},{"cards_removed":["Defend_G"],"damage_healed":0.0,"max_hp_gain":0.0,"max_hp_loss":0.0,"gold_gain":0.0,"event_name":"Bonfire Elementals","player_choice":"Offered Basic","floor":20.0,"gold_loss":0.0,"damage_taken":0.0}],"is_beta":false,"boss_relics":[{"not_picked":["Tiny House","Empty Cage"],"picked":"Busted Crown"}],"items_purged_floors":[2,8],"is_endless":false,"potions_floor_spawned":[3,11,13,16,21,22,27],"killed_by":"Gremlin Leader","ascension_level":20}