{"gold_per_floor":[119,137,151,151,151,151,182,182,182,196,210,241,241,0,0,0],"floor_reached":16,"playtime":1006,"items_purged":["Strike_G"],"score":220,"play_id":"0da52871-0afe-4ade-8cc5-8d70abd972b1","local_time":"20220405191845","is_ascension_mode":true,"campfire_choices":[{"data":"Backstab","floor":6.0,"key":"SMITH"},{"data":"Catalyst","floor":8.0,"key":"SMITH"},{"data":"Acrobatics","floor":13.0,"key":"SMITH"},{"data":"PiercingWail","floor":15.0,"key":"SMITH"}],"neow_cost":"PERCENT_DAMAGE","seed_source_timestamp":79174859323128,"circlet_count":0,"master_deck":["AscendersBane","Strike_G","Strike_G","Strike_G","Strike_G","Defend_G","Defend_G","Defend_G","Defend_G","Defend_G","Survivor","Neutralize+1","Poisoned Stab+1","Dagger Throw","Backstab+1","Catalyst+1","PiercingWail+1","Acrobatics+1"],"special_seed":0,"relics":["Ring of the Snake","Pocketwatch","Letter Opener","Matryoshka","PreservedInsect"],"potions_floor_usage":[16,16],"damage_taken":[{"damage":0.0,"enemies":"Cultist","floor":1.0,"turns":4.0},{"damage":1.0,"enemies":"2 Louse","floor":2.0,"turns":3.0},{"damage":4.0,"enemies":"Small Slimes","floor":3.0,"turns":3.0},{"damage":7.0,"enemies":"3 Sentries","floor":7.0,"turns":10.0},{"damage":2.0,"enemies":"Exordium Wildlife","floor":10.0,"turns":3.0},{"damage":0.0,"enemies":"Red Slaver","floor":11.0,"turns":4.0},{"damage":8.0,"enemies":"Gremlin Nob","floor":12.0,"turns":3.0},{"damage":27,"enemies":"Slime Boss","floor":16,"turns":7}],"seed_played":"-2831618808837831152","potions_obtained":[{"floor":3.0,"key":"GamblersBrew"},{"floor":10.0,"key":"Weak Potion"},{"floor":12.0,"key":"Explosive Potion"}],"is_trial":false,"path_per_floor":["M","M","M","?","?","R","E","R","T","M","M","E","R","$","R","B"],"character_chosen":"THE_SILENT","items_purchased":["PreservedInsect"],"campfire_rested":0,"item_purchase_floors":[14],"current_hp_per_floor":[44,43,39,19,41,41,34,34,34,32,32,24,24,24,24,0],"gold":0,"neow_bonus":"ONE_RARE_RELIC","is_prod":false,"is_daily":false,"chose_seed":false,"campfire_upgraded":4,"win_rate":0,"timestamp":1649211525,"path_taken":["M","?","M","?","?","R","E","R","T","M","M","E","R","$","R","BOSS"],"build_version":"2022-03-07","purchased_purges":1,"victory":false,"max_hp_per_floor":[66,66,66,66,66,66,66,66,66,66,66,66,66,66,66,66],"relic_stats":{"Matryoshka":0,"counters":[8,37],"PreservedInsect":0,"Letter Opener":[5],"obtain_stats":[{"Matryoshka":12,"PreservedInsect":14,"Letter Opener":7,"Ring of the Snake":0,"Pocketwatch":0},{"Matryoshka":7,"PreservedInsect":7,"Letter Opener":4,"Ring of the Snake":0,"Pocketwatch":0},{"Matryoshka":30,"PreservedInsect":30,"Letter Opener":20,"Ring of the Snake":0,"Pocketwatch":0}],"Ring of the Snake":[16],"Pocketwatch":[69]},"card_choices":[{"not_picked":["Flying Knee","Heel Hook"],"picked":"Poisoned Stab","floor":1.0},{"not_picked":["Prepared","Dodge and Roll"],"picked":"Dagger Throw","floor":2.0},{"not_picked":["Dodge and Roll","Expertise"],"picked":"Backstab","floor":3.0},{"not_picked":["Poisoned Stab","Deadly Poison"],"picked":"Catalyst","floor":7.0},{"not_picked":["Terror","Dagger Spray"],"picked":"PiercingWail","floor":10.0},{"not_picked":["Sucker Punch","Infinite Blades"],"picked":"Acrobatics","floor":11.0},{"not_picked":["Deflect","Infinite Blades","Setup"],"picked":"SKIP","floor":12.0}],"player_experience":732626,"relics_obtained":[{"floor":7.0,"key":"Letter Opener"},{"floor":12.0,"key":"Matryoshka"}],"event_choices":[{"damage_healed":0.0,"max_hp_gain":0.0,"max_hp_loss":0.0,"gold_gain":0.0,"event_name":"Shining Light","player_choice":"Entered Light","floor":4.0,"gold_loss":0.0,"damage_taken":20.0,"cards_upgraded":["Neutralize","Poisoned Stab"]},{"damage_healed":22.0,"max_hp_gain":0.0,"max_hp_loss":0.0,"gold_gain":0.0,"event_name":"Big Fish","player_choice":"Banana","floor":5.0,"gold_loss":0.0,"damage_taken":0.0}],"is_beta":false,"boss_relics":[],"items_purged_floors":[14],"is_endless":false,"potions_floor_spawned":[3,10,11,12],"killed_by":"Slime Boss","ascension_level":20}