{"gold_per_floor":[118,118,131,141,161,189,189,222,247,266,266,291,291,10,10,108,108,121,46,46,63,78,109,109,134,180,191,191,203,232,249,249,322,322,342,358,373,34,34,69,80,107,107,107,21,49,49,79,79,79,79,79,79,5,40,40],"floor_reached":56,"playtime":6483,"items_purged":["Defend_G","Strike_G"],"score":2174,"play_id":"b5cccbb3-9690-4541-8f84-8d7cbc2998fa","local_time":"20220405133135","is_ascension_mode":true,"campfire_choices":[{"data":"Blade Dance","floor":7.0,"key":"SMITH"},{"data":"Wraith Form v2","floor":13.0,"key":"SMITH"},{"data":"Well Laid Plans","floor":15.0,"key":"SMITH"},{"data":"Catalyst","floor":24.0,"key":"SMITH"},{"data":"Adrenaline","floor":32.0,"key":"SMITH"},{"data":"Catalyst","floor":44.0,"key":"SMITH"},{"data":"Crippling Poison","floor":47.0,"key":"SMITH"},{"floor":49.0,"key":"RECALL"},{"data":"Leg Sweep","floor":53.0,"key":"SMITH"}],"neow_cost":"TEN_PERCENT_HP_LOSS","seed_source_timestamp":52289598373021,"circlet_count":0,"master_deck":["AscendersBane","Strike_G","Strike_G+1","Defend_G","Defend_G","Survivor","Neutralize","Die Die Die+1","Leg Sweep+1","Dagger Throw","Cloak And Dagger","Blade Dance+1","Masterful Stab","Crippling Poison+1","Wraith Form v2+1","Well Laid Plans+1","Acrobatics","Phantasmal Killer","Underhanded Strike+1","Poisoned Stab+1","Catalyst+1","Adrenaline+1","Crippling Poison","Catalyst+1","Bullet Time","Night Terror","Finisher","Well Laid Plans","Envenom","Noxious Fumes","Leg Sweep"],"special_seed":0,"relics":["Ring of the Snake","Happy Flower","Akabeko","Oddly Smooth Stone","Bloody Idol","TwistedFunnel","Snecko Eye","Art of War","Vajra","Ice Cream","HoveringKite","Toolbox","Molten Egg 2","Pear","Ornamental Fan","Whetstone","Pen Nib","Mercury Hourglass"],"potions_floor_usage":[56,56],"damage_taken":[{"damage":0.0,"enemies":"Small Slimes","floor":1.0,"turns":3.0},{"damage":0.0,"enemies":"Cultist","floor":3.0,"turns":3.0},{"damage":0.0,"enemies":"Jaw Worm","floor":4.0,"turns":4.0},{"damage":0.0,"enemies":"2 Fungi Beasts","floor":5.0,"turns":1.0},{"damage":0.0,"enemies":"3 Sentries","floor":6.0,"turns":3.0},{"damage":27.0,"enemies":"Gremlin Nob","floor":8.0,"turns":5.0},{"damage":0.0,"enemies":"3 Louse","floor":10.0,"turns":2.0},{"damage":0.0,"enemies":"Red Slaver","floor":12.0,"turns":2.0},{"damage":1.0,"enemies":"The Guardian","floor":16.0,"turns":17.0},{"damage":7.0,"enemies":"Chosen","floor":18.0,"turns":5.0},{"damage":0.0,"enemies":"Spheric Guardian","floor":21.0,"turns":1.0},{"damage":0.0,"enemies":"3 Cultists","floor":22.0,"turns":3.0},{"damage":3.0,"enemies":"Gremlin Leader","floor":23.0,"turns":9.0},{"damage":17.0,"enemies":"Book of Stabbing","floor":25.0,"turns":5.0},{"damage":4.0,"enemies":"Snecko","floor":27.0,"turns":3.0},{"damage":0.0,"enemies":"Snake Plant","floor":29.0,"turns":4.0},{"damage":11.0,"enemies":"Slavers","floor":30.0,"turns":3.0},{"damage":14.0,"enemies":"Shelled Parasite and Fungi","floor":31.0,"turns":3.0},{"damage":2.0,"enemies":"Automaton","floor":33.0,"turns":4.0},{"damage":0.0,"enemies":"3 Darklings","floor":35.0,"turns":2.0},{"damage":0.0,"enemies":"Orb Walker","floor":36.0,"turns":2.0},{"damage":0.0,"enemies":"Jaw Worm Horde","floor":37.0,"turns":4.0},{"damage":24.0,"enemies":"Reptomancer","floor":40.0,"turns":6.0},{"damage":2.0,"enemies":"Sphere and 2 Shapes","floor":41.0,"turns":5.0},{"damage":1.0,"enemies":"Giant Head","floor":42.0,"turns":4.0},{"damage":2.0,"enemies":"Nemesis","floor":46.0,"turns":5.0},{"damage":0.0,"enemies":"Reptomancer","floor":48.0,"turns":4.0},{"damage":28.0,"enemies":"Time Eater","floor":50.0,"turns":8.0},{"damage":5.0,"enemies":"Donu and Deca","floor":51.0,"turns":5.0},{"damage":21.0,"enemies":"Shield and Spear","floor":55.0,"turns":7.0},{"damage":47,"enemies":"The Heart","floor":56,"turns":3}],"seed_played":"-1573208177228112247","potions_obtained":[{"floor":1.0,"key":"PowerPotion"},{"floor":3.0,"key":"Explosive Potion"},{"floor":8.0,"key":"FearPotion"},{"floor":18.0,"key":"Energy Potion"},{"floor":29.0,"key":"AttackPotion"},{"floor":31.0,"key":"Strength Potion"},{"floor":33.0,"key":"Weak Potion"},{"floor":37.0,"key":"EntropicBrew"},{"floor":40.0,"key":"Strength Potion"}],"is_trial":false,"path_per_floor":["M","?","M","M","M","E","R","E","T","M","?","M","R","$","R","B",null,"M","$","?","M","M","E","R","E","T","M","?","M","E","M","R","B",null,"M","M","M","$","?","E","M","E","T","R","$","E","R","E","R","B","B",null,"R","$","E","B"],"character_chosen":"THE_SILENT","items_purchased":["Well Laid Plans","TwistedFunnel","Acrobatics","Night Terror","Toolbox","Well Laid Plans","Noxious Fumes"],"campfire_rested":0,"item_purchase_floors":[14,14,14,38,38,45,54],"current_hp_per_floor":[59,59,59,59,59,59,59,32,32,32,32,32,32,32,32,31,48,41,41,41,46,51,53,53,41,46,47,47,52,46,37,37,40,51,54,54,54,54,54,35,38,52,52,52,52,55,55,60,60,32,27,55,55,55,39,0],"gold":40,"neow_bonus":"TRANSFORM_TWO_CARDS","is_prod":false,"is_daily":false,"chose_seed":false,"campfire_upgraded":8,"win_rate":0,"timestamp":1649190695,"path_taken":["M","?","?","M","M","E","R","E","T","M","?","M","R","?","R","BOSS","M","$","?","M","M","E","R","E","T","M","?","M","E","M","R","BOSS","M","M","M","$","?","E","M","E","T","R","?","E","R","E","R","BOSS","BOSS","R","$","E","BOSS"],"build_version":"2022-03-07","purchased_purges":2,"victory":false,"max_hp_per_floor":[60,60,60,60,60,60,60,60,60,60,54,54,54,54,54,54,54,54,54,54,54,54,54,54,54,54,54,54,54,54,54,54,54,54,54,54,54,54,54,54,54,64,64,64,64,64,64,64,64,64,64,64,64,64,64,64],"relic_stats":{"Ice Cream":[67],"Happy Flower":[40],"counters":[31,135],"HoveringKite":[21],"Pen Nib":[5],"Whetstone":["Underhanded Strike","Strike_G"],"Mercury Hourglass":[6],"Ornamental Fan":[72],"Bloody Idol":83,"Snecko Eye":[163,180,193,188,-273],"Art of War":[11],"obtain_stats":[{"TwistedFunnel":14,"Ice Cream":30,"Pear":42,"Happy Flower":6,"Golden Idol":11,"Oddly Smooth Stone":9,"Vajra":25,"HoveringKite":34,"Pen Nib":48,"Whetstone":46,"Akabeko":8,"Mercury Hourglass":55,"Ornamental Fan":43,"Bloody Idol":20,"Snecko Eye":17,"Toolbox":38,"Molten Egg 2":40,"Art of War":23,"Ring of the Snake":0},{"TwistedFunnel":8,"Ice Cream":17,"Pear":25,"Happy Flower":5,"Golden Idol":7,"Oddly Smooth Stone":6,"Vajra":14,"HoveringKite":19,"Pen Nib":27,"Whetstone":26,"Akabeko":6,"Mercury Hourglass":30,"Ornamental Fan":25,"Bloody Idol":10,"Snecko Eye":9,"Toolbox":22,"Molten Egg 2":23,"Art of War":13,"Ring of the Snake":0},{"TwistedFunnel":23,"Ice Cream":73,"Pear":103,"Happy Flower":14,"Golden Idol":21,"Oddly Smooth Stone":19,"Vajra":63,"HoveringKite":80,"Pen Nib":112,"Whetstone":108,"Akabeko":19,"Mercury Hourglass":132,"Ornamental Fan":103,"Bloody Idol":45,"Snecko Eye":40,"Toolbox":88,"Molten Egg 2":94,"Art of War":58,"Ring of the Snake":0}],"Ring of the Snake":[62]},"card_choices":[{"not_picked":["Concentrate","Deflect"],"picked":"Dagger Throw","floor":1.0},{"not_picked":["Dagger Throw","Outmaneuver"],"picked":"Cloak And Dagger","floor":3.0},{"not_picked":["Leg Sweep","Predator"],"picked":"Blade Dance","floor":4.0},{"not_picked":["Underhanded Strike","Dagger Spray"],"picked":"Masterful Stab","floor":5.0},{"not_picked":["Sucker Punch","Deflect","Riddle With Holes"],"picked":"SKIP","floor":6.0},{"not_picked":["Eviscerate","Expertise"],"picked":"Crippling Poison","floor":8.0},{"not_picked":["Sucker Punch","Backflip"],"picked":"Wraith Form v2","floor":10.0},{"not_picked":["Distraction","Crippling Poison","Dagger Throw"],"picked":"SKIP","floor":12.0},{"not_picked":["Wraith Form v2","Die Die Die"],"picked":"Phantasmal Killer","floor":16.0},{"not_picked":["Deflect","Backflip"],"picked":"Underhanded Strike","floor":18.0},{"not_picked":["Infinite Blades","Calculated Gamble"],"picked":"Poisoned Stab+1","floor":21.0},{"not_picked":["Riddle With Holes+1","Cloak And Dagger","Accuracy"],"picked":"SKIP","floor":22.0},{"not_picked":["Backstab","Quick Slash"],"picked":"Catalyst","floor":23.0},{"not_picked":["Flying Knee","All Out Attack"],"picked":"Adrenaline","floor":25.0},{"not_picked":["Infinite Blades","Dagger Spray"],"picked":"Crippling Poison","floor":27.0},{"not_picked":["Poisoned Stab","Slice"],"picked":"Catalyst","floor":29.0},{"not_picked":["Outmaneuver","Infinite Blades","Deadly Poison"],"picked":"SKIP","floor":30.0},{"not_picked":["Slice","Cloak And Dagger","Skewer+1"],"picked":"SKIP","floor":31.0},{"not_picked":["Doppelganger","Tools of the Trade"],"picked":"Bullet Time","floor":33.0},{"not_picked":["Flying Knee","Bane","Cloak And Dagger"],"picked":"SKIP","floor":35.0},{"not_picked":["Dodge and Roll","Calculated Gamble","Quick Slash+1"],"picked":"SKIP","floor":36.0},{"not_picked":["Dodge and Roll","Skewer","Slice+1"],"picked":"SKIP","floor":37.0},{"not_picked":["Slice+1","Deflect","Backstab+1"],"picked":"SKIP","floor":40.0},{"not_picked":["Deflect","Sucker Punch+1","Dagger Throw+1"],"picked":"SKIP","floor":41.0},{"not_picked":["Poisoned Stab+1","Wraith Form v2","Outmaneuver"],"picked":"SKIP","floor":42.0},{"not_picked":["Poisoned Stab+1","Wraith Form v2","Outmaneuver"],"picked":"SKIP","floor":42.0},{"not_picked":["Blade Dance","Deflect+1","Dodge and Roll"],"picked":"SKIP","floor":46.0},{"not_picked":["Riddle With Holes+1","Underhanded Strike+1"],"picked":"Envenom","floor":48.0},{"not_picked":["Acrobatics","Backflip"],"picked":"Leg Sweep","floor":55.0}],"player_experience":718425,"relics_obtained":[{"floor":6.0,"key":"Happy Flower"},{"floor":8.0,"key":"Akabeko"},{"floor":9.0,"key":"Oddly Smooth Stone"},{"floor":23.0,"key":"Art of War"},{"floor":25.0,"key":"Vajra"},{"floor":30.0,"key":"Ice Cream"},{"floor":40.0,"key":"Molten Egg 2"},{"floor":42.0,"key":"Pear"},{"floor":43.0,"key":"Ornamental Fan"},{"floor":46.0,"key":"Whetstone"},{"floor":48.0,"key":"Pen Nib"},{"floor":55.0,"key":"Mercury Hourglass"}],"event_choices":[{"damage_healed":0.0,"max_hp_gain":0.0,"max_hp_loss":0.0,"gold_gain":0.0,"event_name":"Upgrade Shrine","player_choice":"Upgraded","floor":2.0,"gold_loss":0.0,"damage_taken":0.0,"cards_upgraded":["Die Die Die"]},{"damage_healed":0.0,"max_hp_gain":0.0,"max_hp_loss":6.0,"gold_gain":0.0,"event_name":"Golden Idol","player_choice":"Lose Max HP","floor":11.0,"gold_loss":0.0,"damage_taken":0.0,"relics_obtained":["Golden Idol"]},{"damage_healed":0.0,"max_hp_gain":0.0,"max_hp_loss":0.0,"gold_gain":0.0,"event_name":"Forgotten Altar","player_choice":"Gave Idol","floor":20.0,"relics_lost":["Golden Idol"],"gold_loss":0.0,"damage_taken":0.0,"relics_obtained":["Bloody Idol"]},{"cards_removed":["Strike_G"],"damage_healed":0.0,"max_hp_gain":0.0,"max_hp_loss":0.0,"gold_gain":0.0,"event_name":"Purifier","player_choice":"Purged","floor":28.0,"gold_loss":0.0,"damage_taken":0.0},{"damage_healed":0.0,"max_hp_gain":0.0,"max_hp_loss":0.0,"gold_gain":0.0,"cards_transformed":["Defend_G"],"event_name":"Transmorgrifier","player_choice":"Transformed","floor":39.0,"gold_loss":0.0,"damage_taken":0.0,"cards_obtained":["Finisher"]}],"is_beta":false,"boss_relics":[{"not_picked":["Tiny House","Runic Pyramid"],"picked":"Snecko Eye"},{"not_picked":["Velvet Choker","Ring of the Serpent"],"picked":"HoveringKite"}],"items_purged_floors":[19,38],"is_endless":false,"potions_floor_spawned":[1,3,8,12,18,22,29,31,33,37,40,41,46],"killed_by":"The Heart","ascension_level":20}