{"gold_per_floor":[113,113,132,145,70,70,97,8,8,33,47,65,65,77,77,152,152,167,167,177,191,27,54,87,105,105,137,137,166,180,190,190,265,265,277,277,277,277,290,320,320,354,354,388,408,443,343,370,370,370,370,370,370,63,96,96],"floor_reached":57,"playtime":6212,"items_purged":["Doubt","Strike_G+1"],"score":3430,"play_id":"07b34db2-d76f-43a3-bdec-3f3787308eb5","local_time":"20220406185511","is_ascension_mode":true,"campfire_choices":[{"data":"Blade Dance","floor":6.0,"key":"SMITH"},{"data":"Distraction","floor":13.0,"key":"SMITH"},{"data":"Neutralize","floor":15.0,"key":"SMITH"},{"data":"Storm of Steel","floor":32.0,"key":"SMITH"},{"floor":41.0,"key":"RECALL"},{"data":"Storm of Steel","floor":49,"key":"SMITH"},{"data":"Terror","floor":53,"key":"SMITH"}],"neow_cost":"CURSE","seed_source_timestamp":0,"circlet_count":0,"master_deck":["AscendersBane","Strike_G+1","Strike_G+1","Defend_G+1","Defend_G+1","Defend_G+1","Defend_G+1","Defend_G+1","Survivor","Neutralize+1","Cloak And Dagger","Dash","Blade Dance+1","Distraction+1","Dramatic Entrance","Blade Dance","Cloak And Dagger","Noxious Fumes+1","Blade Dance","Storm of Steel+1","Acrobatics","Acrobatics","PiercingWail","Terror+1","Wraith Form v2+1","Storm of Steel+1","Infinite Blades+1","Master of Strategy","Bandage Up","Dramatic Entrance","Cloak And Dagger+1","Wraith Form v2+1","Backflip+1"],"special_seed":0,"relics":["Ring of the Snake","Dead Branch","Eternal Feather","InkBottle","Frozen Egg 2","Happy Flower","SlaversCollar","Bag of Marbles","WingedGreaves","Darkstone Periapt","Prayer Wheel","Lizard Tail","Letter Opener","Black Star","Potion Belt","Toy Ornithopter","Anchor","Boot","Sundial","TungstenRod","Tingsha","Question Card","Ginger","Chemical X","Pen Nib","Vajra"],"potions_floor_usage":[50,56,56,56],"damage_taken":[{"damage":0.0,"enemies":"Cultist","floor":1.0,"turns":3.0},{"damage":0.0,"enemies":"Small Slimes","floor":3.0,"turns":4.0},{"damage":0.0,"enemies":"2 Louse","floor":4.0,"turns":2.0},{"damage":5.0,"enemies":"3 Sentries","floor":7.0,"turns":7.0},{"damage":3.0,"enemies":"Lagavulin","floor":10.0,"turns":4.0},{"damage":0.0,"enemies":"Lots of Slimes","floor":11.0,"turns":2.0},{"damage":0.0,"enemies":"Exordium Wildlife","floor":12.0,"turns":3.0},{"damage":0.0,"enemies":"Looter","floor":14.0,"turns":2.0},{"damage":11.0,"enemies":"The Guardian","floor":16.0,"turns":10.0},{"damage":0.0,"enemies":"3 Byrds","floor":18.0,"turns":4.0},{"damage":0.0,"enemies":"2 Thieves","floor":20.0,"turns":1.0},{"damage":12.0,"enemies":"Snake Plant","floor":21.0,"turns":4.0},{"damage":0.0,"enemies":"Gremlin Leader","floor":23.0,"turns":3.0},{"damage":28.0,"enemies":"Book of Stabbing","floor":24.0,"turns":5.0},{"damage":0.0,"enemies":"Centurion and Healer","floor":25.0,"turns":4.0},{"damage":0.0,"enemies":"Slavers","floor":27.0,"turns":3.0},{"damage":0.0,"enemies":"Gremlin Leader","floor":29.0,"turns":2.0},{"damage":11.0,"enemies":"Shelled Parasite and Fungi","floor":30.0,"turns":4.0},{"damage":0.0,"enemies":"Snake Plant","floor":31.0,"turns":4.0},{"damage":14.0,"enemies":"Champ","floor":33.0,"turns":6.0},{"damage":0.0,"enemies":"Orb Walker","floor":35.0,"turns":1.0},{"damage":0.0,"enemies":"3 Darklings","floor":39.0,"turns":2.0},{"damage":0.0,"enemies":"Giant Head","floor":40.0,"turns":2.0},{"damage":0.0,"enemies":"Nemesis","floor":42.0,"turns":5.0},{"damage":0.0,"enemies":"Reptomancer","floor":44.0,"turns":3.0},{"damage":0,"enemies":"Transient","floor":45,"turns":6},{"damage":0,"enemies":"Giant Head","floor":46,"turns":1},{"damage":0,"enemies":"Reptomancer","floor":48,"turns":2},{"damage":14,"enemies":"Awakened One","floor":50,"turns":8},{"damage":77,"enemies":"Time Eater","floor":51,"turns":13},{"damage":0,"enemies":"Shield and Spear","floor":55,"turns":3},{"damage":20,"enemies":"The Heart","floor":56,"turns":8}],"seed_played":"7278149504199430545","potions_obtained":[{"floor":3.0,"key":"DistilledChaos"},{"floor":10.0,"key":"SteroidPotion"},{"floor":12.0,"key":"Swift Potion"},{"floor":14.0,"key":"GhostInAJar"},{"floor":16.0,"key":"FairyPotion"},{"floor":40.0,"key":"SteroidPotion"},{"floor":42.0,"key":"FearPotion"},{"floor":44.0,"key":"CunningPotion"}],"is_trial":false,"path_per_floor":["M","T","M","M","$","R","E","$","T","E","M","M","R","M","R","B",null,"M","?","M","M","$","E","E","M","T","E","?","E","M","M","R","B",null,"M","?","?","T","M","E","R","E","T","E","M","E","$","E","R","B","B",null,"R","$","E","B",null],"character_chosen":"THE_SILENT","items_purchased":["Dramatic Entrance","Bag of Marbles","Chemical X","Strength Potion","DistilledChaos"],"campfire_rested":0,"item_purchase_floors":[8,22,54,54,54],"current_hp_per_floor":[59,59,59,59,59,66,61,61,61,58,58,58,66,66,66,55,63,63,63,63,51,51,51,23,23,23,23,23,23,12,12,27,13,53,53,43,43,43,43,47,65,66,66,66,66,66,66,66,66,52,8,52,66,66,66,55],"gold":96,"neow_bonus":"ONE_RARE_RELIC","is_prod":false,"is_daily":false,"chose_seed":false,"campfire_upgraded":6,"win_rate":0,"timestamp":1649296511,"path_taken":["M","?","M","M","$","R","E","$","T","E","M","M","R","M","R","BOSS","M","?","M","M","$","E","E","M","T","E","?","E","M","?","R","BOSS","M","?","?","?","M","E","R","E","T","E","M","E","$","E","R","BOSS","BOSS","R","$","E","BOSS"],"build_version":"2022-03-07","purchased_purges":2,"victory":true,"max_hp_per_floor":[66,66,66,66,66,66,66,66,66,66,66,66,66,66,66,66,66,66,66,66,66,66,66,66,66,66,66,66,66,66,66,66,66,66,66,66,66,66,66,66,66,66,66,66,66,66,66,66,66,66,66,66,66,66,66,66],"relic_stats":{"Darkstone Periapt":0,"Happy Flower":[37],"counters":[32,131],"Dead Branch":[614],"Eternal Feather":62,"Tingsha":[256],"Pen Nib":[3],"Letter Opener":[367],"Ginger":[5],"Boot":[52],"Question Card":1,"Lizard Tail":0,"Sundial":[4],"Prayer Wheel":5,"WingedGreaves":3,"Black Star":6,"Chemical X":[2],"obtain_stats":[{"Darkstone Periapt":24,"Vajra":55,"Ginger":48,"Boot":43,"Lizard Tail":27,"Sundial":44,"Prayer Wheel":26,"WingedGreaves":23,"Chemical X":54,"InkBottle":7,"Ring of the Snake":0,"Potion Belt":40,"Happy Flower":10,"Dead Branch":0,"Eternal Feather":2,"Tingsha":46,"Pen Nib":55,"Letter Opener":29,"Frozen Egg 2":9,"Question Card":48,"SlaversCollar":17,"Anchor":42,"Bag of Marbles":22,"Black Star":34,"Toy Ornithopter":40,"TungstenRod":44},{"Darkstone Periapt":14,"Vajra":31,"Ginger":28,"Boot":24,"Lizard Tail":16,"Sundial":25,"Prayer Wheel":15,"WingedGreaves":13,"Chemical X":30,"InkBottle":4,"Ring of the Snake":0,"Potion Belt":23,"Happy Flower":5,"Dead Branch":0,"Eternal Feather":1,"Tingsha":27,"Pen Nib":31,"Letter Opener":17,"Frozen Egg 2":4,"Question Card":28,"SlaversCollar":9,"Anchor":24,"Bag of Marbles":12,"Black Star":20,"Toy Ornithopter":23,"TungstenRod":25},{"Darkstone Periapt":54,"Vajra":123,"Ginger":99,"Boot":87,"Lizard Tail":61,"Sundial":90,"Prayer Wheel":58,"WingedGreaves":49,"Chemical X":120,"InkBottle":16,"Ring of the Snake":0,"Potion Belt":82,"Happy Flower":20,"Dead Branch":0,"Eternal Feather":3,"Tingsha":97,"Pen Nib":123,"Letter Opener":63,"Frozen Egg 2":16,"Question Card":99,"SlaversCollar":37,"Anchor":87,"Bag of Marbles":46,"Black Star":77,"Toy Ornithopter":82,"TungstenRod":90}],"InkBottle":[97],"Toy Ornithopter":5,"TungstenRod":51,"Ring of the Snake":[64]},"card_choices":[{"not_picked":["Choke","Dagger Throw"],"picked":"Cloak And Dagger","floor":1.0},{"not_picked":["Bane","Underhanded Strike"],"picked":"Dash","floor":3.0},{"not_picked":["Flechettes","Dagger Throw"],"picked":"Blade Dance","floor":4.0},{"not_picked":["Noxious Fumes","Bane"],"picked":"Distraction","floor":7.0},{"not_picked":["Phantasmal Killer","All Out Attack"],"picked":"Blade Dance","floor":10.0},{"not_picked":["Quick Slash","Bouncing Flask"],"picked":"Cloak And Dagger","floor":11.0},{"not_picked":["Deadly Poison","Blade Dance"],"picked":"Noxious Fumes+1","floor":12.0},{"not_picked":["Slice","Well Laid Plans+1"],"picked":"Blade Dance","floor":14.0},{"not_picked":["Night Terror","Malaise"],"picked":"Storm of Steel","floor":16.0},{"not_picked":["Deadly Poison","Slice+1","Poisoned Stab"],"picked":"SKIP","floor":18.0},{"not_picked":["Dagger Spray","Dodge and Roll"],"picked":"Acrobatics","floor":20.0},{"not_picked":["Bane","Quick Slash"],"picked":"Acrobatics","floor":21.0},{"not_picked":["Flechettes","All Out Attack"],"picked":"PiercingWail","floor":23.0},{"not_picked":["Reflex","Dagger Throw","Grand Finale"],"picked":"SKIP","floor":24.0},{"not_picked":["Outmaneuver+1","Dagger Throw","Deadly Poison"],"picked":"SKIP","floor":25.0},{"not_picked":["Corpse Explosion","Blade Dance","Flying Knee"],"picked":"SKIP","floor":27.0},{"not_picked":["Malaise","Deflect"],"picked":"Terror","floor":29.0},{"not_picked":["Setup+1","Poisoned Stab","Quick Slash"],"picked":"SKIP","floor":30.0},{"not_picked":["Sucker Punch","Dash","Deadly Poison"],"picked":"SKIP","floor":30.0},{"not_picked":["Accuracy+1","Dagger Spray"],"picked":"Wraith Form v2+1","floor":31.0},{"not_picked":["Slice","Poisoned Stab","Sucker Punch"],"picked":"SKIP","floor":31.0},{"not_picked":["Doppelganger","Corpse Explosion"],"picked":"Storm of Steel","floor":33.0},{"not_picked":["Footwork+1","Dagger Spray"],"picked":"Infinite Blades+1","floor":35.0},{"not_picked":["Predator","Riddle With Holes","Dagger Throw+1"],"picked":"SKIP","floor":35.0},{"not_picked":["Impatience","Jack Of All Trades"],"picked":"Master of Strategy","floor":36.0},{"not_picked":["Finesse","Discovery"],"picked":"Bandage Up","floor":36.0},{"not_picked":["Trip","HandOfGreed"],"picked":"Dramatic Entrance","floor":36.0},{"not_picked":["Quick Slash","Underhanded Strike+1","Outmaneuver"],"picked":"SKIP","floor":39.0},{"not_picked":["Sucker Punch","Dodge and Roll+1","Catalyst"],"picked":"SKIP","floor":39.0},{"not_picked":["Dagger Throw","Skewer+1","Crippling Poison+1"],"picked":"SKIP","floor":40.0},{"not_picked":["Blade Dance","Bullet Time"],"picked":"Cloak And Dagger+1","floor":42.0},{"not_picked":["Tools of the Trade+1","Leg Sweep","Noxious Fumes+1"],"picked":"SKIP","floor":44.0},{"not_picked":["Dagger Throw","Acrobatics","Crippling Poison+1"],"picked":"SKIP","floor":45},{"not_picked":["Predator","Infinite Blades+1","Deadly Poison+1"],"picked":"SKIP","floor":45},{"not_picked":["Masterful Stab","Envenom+1"],"picked":"Wraith Form v2+1","floor":46},{"not_picked":["Bane","Noxious Fumes+1","Dagger Throw"],"picked":"SKIP","floor":48},{"not_picked":["Deadly Poison","Deflect","Poisoned Stab+1"],"picked":"Backflip+1","floor":55}],"player_experience":733632,"relics_obtained":[{"floor":2.0,"key":"Eternal Feather"},{"floor":7.0,"key":"InkBottle"},{"floor":9.0,"key":"Frozen Egg 2"},{"floor":10.0,"key":"Happy Flower"},{"floor":23.0,"key":"WingedGreaves"},{"floor":24.0,"key":"Darkstone Periapt"},{"floor":26.0,"key":"Prayer Wheel"},{"floor":27.0,"key":"Lizard Tail"},{"floor":29.0,"key":"Letter Opener"},{"floor":40.0,"key":"Potion Belt"},{"floor":40.0,"key":"Toy Ornithopter"},{"floor":42.0,"key":"Anchor"},{"floor":43.0,"key":"Boot"},{"floor":44.0,"key":"Sundial"},{"floor":44.0,"key":"TungstenRod"},{"floor":46,"key":"Tingsha"},{"floor":48,"key":"Question Card"},{"floor":48,"key":"Ginger"},{"floor":55,"key":"Pen Nib"},{"floor":55,"key":"Vajra"}],"event_choices":[{"damage_healed":0.0,"max_hp_gain":0.0,"max_hp_loss":0.0,"gold_gain":0.0,"event_name":"Back to Basics","player_choice":"Simplicity","floor":19.0,"gold_loss":0.0,"damage_taken":0.0,"cards_upgraded":["Strike_G","Strike_G","Strike_G","Strike_G","Strike_G","Defend_G","Defend_G","Defend_G","Defend_G","Defend_G"]},{"cards_removed":["Strike_G"],"damage_healed":0.0,"max_hp_gain":0.0,"max_hp_loss":0.0,"gold_gain":0.0,"event_name":"Bonfire Elementals","player_choice":"Offered Basic","floor":28.0,"gold_loss":0.0,"damage_taken":0.0},{"damage_healed":0.0,"max_hp_gain":0.0,"max_hp_loss":0.0,"gold_gain":0.0,"event_name":"SensoryStone","player_choice":"Memory 3","floor":36.0,"gold_loss":0.0,"damage_taken":10.0},{"cards_removed":["Strike_G"],"damage_healed":0.0,"max_hp_gain":0.0,"max_hp_loss":0.0,"gold_gain":0.0,"event_name":"Falling","player_choice":"Removed Attack","floor":37.0,"gold_loss":0.0,"damage_taken":0.0}],"is_beta":false,"boss_relics":[{"not_picked":["Runic Dome","Snecko Eye"],"picked":"SlaversCollar"},{"not_picked":["HoveringKite","Tiny House"],"picked":"Black Star"}],"items_purged_floors":[5,47],"is_endless":false,"potions_floor_spawned":[3,10,12,14,16,20,23,24,29,30,33,39,40,42,44],"ascension_level":20}