{"gold_per_floor":[112,127,141,154,167,167,193,212,262,262,3,21,38,65,65,170,170,188,188,201,201,226,226],"floor_reached":23,"playtime":7881,"items_purged":["Strike_G"],"score":205,"play_id":"ff1a92c2-06a9-4a41-8687-01d692078dd9","local_time":"20220405112916","is_ascension_mode":false,"campfire_choices":[{"data":"Noxious Fumes","floor":6.0,"key":"SMITH"},{"data":"Backstab","floor":10.0,"key":"SMITH"},{"data":"Apotheosis","floor":15.0,"key":"SMITH"}],"neow_cost":"NONE","seed_source_timestamp":0,"circlet_count":0,"master_deck":["Strike_G","Strike_G","Strike_G","Strike_G","Defend_G","Defend_G","Defend_G","Defend_G","Defend_G","Survivor","Neutralize","Blind","All Out Attack","Heel Hook","Deflect","All Out Attack","Noxious Fumes+1","Backstab+1","Cloak And Dagger","Apotheosis+1","Backflip","PiercingWail","Crippling Poison+1","Glass Knife","Backflip"],"special_seed":0,"relics":["Ring of the Snake","Tiny Chest","Bag of Preparation","Singing Bowl","SacredBark","MutagenicStrength","Dream Catcher"],"potions_floor_usage":[],"damage_taken":[{"damage":1.0,"enemies":"Small Slimes","floor":1.0,"turns":5.0},{"damage":0.0,"enemies":"Cultist","floor":2.0,"turns":4.0},{"damage":0.0,"enemies":"2 Louse","floor":3.0,"turns":1.0},{"damage":6.0,"enemies":"Exordium Thugs","floor":4.0,"turns":4.0},{"damage":5.0,"enemies":"Gremlin Gang","floor":5.0,"turns":2.0},{"damage":5.0,"enemies":"Lagavulin","floor":7.0,"turns":7.0},{"damage":0.0,"enemies":"Looter","floor":8.0,"turns":2.0},{"damage":0.0,"enemies":"Large Slime","floor":12.0,"turns":3.0},{"damage":0.0,"enemies":"Lots of Slimes","floor":13.0,"turns":1.0},{"damage":9.0,"enemies":"3 Sentries","floor":14.0,"turns":6.0},{"damage":25.0,"enemies":"Slime Boss","floor":16.0,"turns":9.0},{"damage":14.0,"enemies":"3 Byrds","floor":18.0,"turns":5.0},{"damage":7.0,"enemies":"Shell Parasite","floor":20.0,"turns":5.0},{"damage":0,"enemies":"Book of Stabbing","floor":23,"turns":1}],"seed_played":"-2244556616142800289","potions_obtained":[{"floor":1.0,"key":"Swift Potion"},{"floor":2.0,"key":"DuplicationPotion"},{"floor":4.0,"key":"Explosive Potion"},{"floor":7.0,"key":"FearPotion"},{"floor":8.0,"key":"Regen Potion"},{"floor":14.0,"key":"AttackPotion"}],"is_trial":false,"path_per_floor":["M","M","M","M","M","R","E","M","T","R","$","M","M","E","R","B",null,"M","?","M","?","T","E"],"character_chosen":"THE_SILENT","items_purchased":["Apotheosis"],"campfire_rested":0,"item_purchase_floors":[11],"current_hp_per_floor":[69,69,69,63,58,58,53,53,53,53,53,53,53,59,59,34,70,56,56,51,51,51,51],"gold":226,"neow_bonus":"RANDOM_COLORLESS","is_prod":false,"is_daily":false,"chose_seed":false,"campfire_upgraded":3,"win_rate":0,"timestamp":1649183356,"path_taken":["M","M","M","M","M","R","E","M","T","R","$","M","M","E","R","BOSS","M","?","?","?","?","E"],"build_version":"2022-03-07","purchased_purges":1,"victory":false,"max_hp_per_floor":[70,70,70,70,70,70,70,70,70,70,70,70,70,70,70,70,70,70,70,72,72,72,72],"relic_stats":{"Dream Catcher":0,"Singing Bowl":2,"counters":[14,55],"Tiny Chest":1,"Bag of Preparation":[14],"obtain_stats":[{"Dream Catcher":22,"Singing Bowl":14,"SacredBark":17,"MutagenicStrength":21,"Tiny Chest":7,"Bag of Preparation":9,"Ring of the Snake":0},{"Dream Catcher":13,"Singing Bowl":10,"SacredBark":11,"MutagenicStrength":13,"Tiny Chest":6,"Bag of Preparation":7,"Ring of the Snake":0},{"Dream Catcher":54,"Singing Bowl":35,"SacredBark":44,"MutagenicStrength":54,"Tiny Chest":23,"Bag of Preparation":25,"Ring of the Snake":0}],"Ring of the Snake":[28]},"card_choices":[{"not_picked":["Deep Breath","Panacea"],"picked":"Blind","floor":0.0},{"not_picked":["Cloak And Dagger","Slice"],"picked":"All Out Attack","floor":1.0},{"not_picked":["Flying Knee","Caltrops"],"picked":"Heel Hook","floor":2.0},{"not_picked":["Tactician","Expertise"],"picked":"Deflect","floor":3.0},{"not_picked":["Underhanded Strike","Quick Slash"],"picked":"All Out Attack","floor":4.0},{"not_picked":["Prepared","Expertise"],"picked":"Noxious Fumes","floor":5.0},{"not_picked":["Tools of the Trade","Bane"],"picked":"Backstab","floor":7.0},{"not_picked":["Accuracy","Outmaneuver"],"picked":"Cloak And Dagger","floor":8.0},{"not_picked":["Reflex","Catalyst"],"picked":"Backflip","floor":12.0},{"not_picked":["Caltrops","Accuracy"],"picked":"PiercingWail","floor":13.0},{"not_picked":["Bane","Deadly Poison"],"picked":"Crippling Poison","floor":14.0},{"not_picked":["Envenom","Phantasmal Killer"],"picked":"Glass Knife","floor":16.0},{"not_picked":["Sucker Punch","Dodge and Roll+1"],"picked":"Backflip","floor":18.0},{"not_picked":["Deflect","Expertise+1","Poisoned Stab"],"picked":"Singing Bowl","floor":20.0}],"player_experience":710544,"relics_obtained":[{"floor":7.0,"key":"Tiny Chest"},{"floor":9.0,"key":"Bag of Preparation"},{"floor":14.0,"key":"Singing Bowl"},{"floor":22.0,"key":"Dream Catcher"}],"event_choices":[{"damage_healed":0.0,"max_hp_gain":0.0,"max_hp_loss":0.0,"gold_gain":0.0,"event_name":"Upgrade Shrine","player_choice":"Upgraded","floor":19.0,"gold_loss":0.0,"damage_taken":0.0,"cards_upgraded":["Crippling Poison"]},{"damage_healed":0.0,"max_hp_gain":0.0,"max_hp_loss":0.0,"gold_gain":0.0,"event_name":"Drug Dealer","player_choice":"Inject Mutagens","floor":21.0,"gold_loss":0.0,"damage_taken":0.0,"relics_obtained":["MutagenicStrength"]}],"is_beta":false,"boss_relics":[{"not_picked":["Ring of the Serpent","Astrolabe"],"picked":"SacredBark"}],"items_purged_floors":[11],"is_endless":false,"potions_floor_spawned":[1,2,4,7,8,14],"killed_by":"Book of Stabbing","ascension_level":0}