{"gold_per_floor":[19,29,41,41,41,41,71,71,71,103,121,121,168,93,93,164,164,179,197,197,197,230,256,256,284,309,86,113,113,140,151,151,222,222,233,251,270,283,329,357,357,387,414,425,425,425,92,106,106,106,106,106,106,3,32,32],"floor_reached":56,"playtime":6180,"items_purged":["Defend_G","Strike_G","Strike_G","Defend_G"],"score":2407,"play_id":"5da23e9b-bd84-4f0b-b1f3-a59b56451fb8","local_time":"20220407010858","is_ascension_mode":true,"campfire_choices":[{"data":"Blade Dance","floor":6.0,"key":"SMITH"},{"data":"Blade Dance","floor":8.0,"key":"SMITH"},{"data":"Outmaneuver","floor":15.0,"key":"SMITH"},{"floor":24.0,"key":"REST"},{"floor":32.0,"key":"RECALL"},{"floor":41.0,"key":"REST"},{"floor":45.0,"key":"REST"},{"floor":49.0,"key":"REST"},{"floor":53.0,"key":"REST"}],"neow_cost":"NO_GOLD","seed_source_timestamp":0,"circlet_count":0,"master_deck":["AscendersBane","Defend_G","Defend_G","Defend_G","Survivor","Neutralize","Choke","Concentrate","Blade Dance+1","Blade Dance+1","Outmaneuver+1","After Image","Adrenaline","Concentrate","Distraction+1","Blade Dance","PiercingWail","Backstab","PiercingWail","Finisher","Burst","Concentrate","Prepared+1","Choke+1","After Image","Calculated Gamble+1","Concentrate"],"special_seed":0,"relics":["Ring of the Snake","Unceasing Top","Question Card","Dream Catcher","Letter Opener","Centennial Puzzle","Nunchaku","Fusion Hammer","MutagenicStrength","Red Mask","Matryoshka","Ancient Tea Set","Smiling Mask","Vajra","Orichalcum","Pantograph","Empty Cage","MealTicket","Snake Skull","Juzu Bracelet","Oddly Smooth Stone","Potion Belt","Happy Flower"],"potions_floor_usage":[56,56,56,56,56,56,56,56],"damage_taken":[{"damage":0.0,"enemies":"Jaw Worm","floor":1.0,"turns":7.0},{"damage":1.0,"enemies":"2 Louse","floor":2.0,"turns":3.0},{"damage":5.0,"enemies":"Small Slimes","floor":3.0,"turns":5.0},{"damage":0.0,"enemies":"Gremlin Nob","floor":7.0,"turns":2.0},{"damage":0.0,"enemies":"3 Sentries","floor":10.0,"turns":5.0},{"damage":11.0,"enemies":"3 Louse","floor":11.0,"turns":2.0},{"damage":17.0,"enemies":"The Guardian","floor":16.0,"turns":10.0},{"damage":6.0,"enemies":"Chosen","floor":18.0,"turns":4.0},{"damage":1.0,"enemies":"Shell Parasite","floor":19.0,"turns":2.0},{"damage":0.0,"enemies":"Masked Bandits","floor":22.0,"turns":2.0},{"damage":0.0,"enemies":"Book of Stabbing","floor":23.0,"turns":4.0},{"damage":0.0,"enemies":"Slavers","floor":25.0,"turns":3.0},{"damage":0.0,"enemies":"Gremlin Leader","floor":28.0,"turns":2.0},{"damage":1.0,"enemies":"Slavers","floor":30.0,"turns":2.0},{"damage":0.0,"enemies":"Snecko","floor":31.0,"turns":1.0},{"damage":20.0,"enemies":"Automaton","floor":33.0,"turns":7.0},{"damage":0.0,"enemies":"3 Darklings","floor":35.0,"turns":3.0},{"damage":0.0,"enemies":"Orb Walker","floor":36.0,"turns":1.0},{"damage":0.0,"enemies":"Transient","floor":37.0,"turns":6.0},{"damage":0.0,"enemies":"Jaw Worm Horde","floor":38.0,"turns":1.0},{"damage":2.0,"enemies":"2 Orb Walkers","floor":39.0,"turns":2.0},{"damage":0.0,"enemies":"Giant Head","floor":40.0,"turns":2.0},{"damage":0.0,"enemies":"Nemesis","floor":42.0,"turns":1.0},{"damage":0.0,"enemies":"Spire Growth","floor":44.0,"turns":2.0},{"damage":0.0,"enemies":"Writhing Mass","floor":48.0,"turns":3.0},{"damage":47.0,"enemies":"Time Eater","floor":50.0,"turns":10.0},{"damage":25.0,"enemies":"Awakened One","floor":51.0,"turns":8.0},{"damage":0.0,"enemies":"Shield and Spear","floor":55.0,"turns":1.0},{"damage":101,"enemies":"The Heart","floor":56,"turns":5}],"seed_played":"-3528869720869176915","potions_obtained":[{"floor":2.0,"key":"Energy Potion"},{"floor":10.0,"key":"Explosive Potion"},{"floor":11.0,"key":"Energy Potion"},{"floor":25.0,"key":"Swift Potion"},{"floor":35.0,"key":"LiquidBronze"},{"floor":40.0,"key":"Block Potion"},{"floor":48.0,"key":"Regen Potion"}],"is_trial":false,"path_per_floor":["M","M","M","?","?","R","E","R","T","E","M","$","T","$","R","B",null,"M","M","?","?","?","E","R","E","T","$","E","?","E","M","R","B",null,"M","M","M","M","?","E","R","E","T","M","R","?","$","M","R","B","B",null,"R","$","E","B"],"character_chosen":"THE_SILENT","items_purchased":["Vajra","Potion Belt","EntropicBrew","PowerPotion"],"campfire_rested":5,"item_purchase_floors":[27,47,47,54],"current_hp_per_floor":[59,58,53,18,40,40,40,40,40,40,29,29,29,29,29,12,53,47,46,46,46,46,46,65,65,65,65,65,47,46,46,46,51,66,66,66,66,66,64,64,71,71,71,71,71,71,71,71,71,24,24,59,71,71,71,0],"gold":32,"neow_bonus":"ONE_RARE_RELIC","is_prod":false,"is_daily":false,"chose_seed":false,"campfire_upgraded":3,"win_rate":0,"timestamp":1649318938,"path_taken":["M","M","M","?","?","R","E","R","T","E","M","?","?","$","R","BOSS","M","M","?","?","?","E","R","E","T","$","E","?","E","M","R","BOSS","M","M","M","M","?","E","R","E","T","M","R","?","$","M","R","BOSS","BOSS","R","$","E","BOSS"],"build_version":"2022-03-07","purchased_purges":4,"victory":false,"max_hp_per_floor":[66,66,66,66,66,66,66,66,66,66,66,66,66,66,66,66,66,66,66,66,66,66,66,66,66,66,66,66,71,71,71,71,71,71,71,71,71,71,71,71,71,71,71,71,71,71,71,71,71,71,71,71,71,71,71,71],"relic_stats":{"Happy Flower":[1],"counters":[29,106],"Snake Skull":[21],"Juzu Bracelet":0,"Letter Opener":[771],"Orichalcum":[36],"Question Card":29,"Ancient Tea Set":[10],"Smiling Mask":225,"Dream Catcher":5,"Centennial Puzzle":[30],"Nunchaku":[53],"Matryoshka":2,"Pantograph":50,"MealTicket":0,"obtain_stats":[{"Potion Belt":47,"Happy Flower":55,"Vajra":27,"Oddly Smooth Stone":43,"Snake Skull":42,"Juzu Bracelet":43,"Letter Opener":9,"Orichalcum":28,"Question Card":4,"Ancient Tea Set":25,"Smiling Mask":26,"Empty Cage":34,"Dream Catcher":7,"Centennial Puzzle":10,"Nunchaku":13,"Matryoshka":23,"MutagenicStrength":20,"Pantograph":30,"MealTicket":40,"Fusion Hammer":17,"Red Mask":22,"Unceasing Top":0,"Ring of the Snake":0},{"Potion Belt":24,"Happy Flower":28,"Vajra":12,"Oddly Smooth Stone":23,"Snake Skull":23,"Juzu Bracelet":23,"Letter Opener":4,"Orichalcum":13,"Question Card":3,"Ancient Tea Set":12,"Smiling Mask":12,"Empty Cage":16,"Dream Catcher":4,"Centennial Puzzle":5,"Nunchaku":6,"Matryoshka":11,"MutagenicStrength":9,"Pantograph":14,"MealTicket":22,"Fusion Hammer":7,"Red Mask":10,"Unceasing Top":0,"Ring of the Snake":0},{"Potion Belt":79,"Happy Flower":101,"Vajra":49,"Oddly Smooth Stone":77,"Snake Skull":77,"Juzu Bracelet":77,"Letter Opener":17,"Orichalcum":51,"Question Card":15,"Ancient Tea Set":49,"Smiling Mask":49,"Empty Cage":61,"Dream Catcher":17,"Centennial Puzzle":22,"Nunchaku":24,"Matryoshka":46,"MutagenicStrength":40,"Pantograph":53,"MealTicket":76,"Fusion Hammer":34,"Red Mask":42,"Unceasing Top":0,"Ring of the Snake":0}],"Unceasing Top":[267],"Ring of the Snake":[58]},"card_choices":[{"not_picked":["Backflip","PiercingWail"],"picked":"Choke","floor":1.0},{"not_picked":["Flechettes","Setup"],"picked":"Concentrate","floor":2.0},{"not_picked":["Underhanded Strike","All Out Attack"],"picked":"Blade Dance","floor":3.0},{"not_picked":["Finisher","Dagger Throw","Deadly Poison"],"picked":"Blade Dance","floor":7.0},{"not_picked":["Slice","Dagger Throw","Prepared"],"picked":"Outmaneuver","floor":10.0},{"not_picked":["All Out Attack","Prepared","Dodge and Roll"],"picked":"After Image","floor":11.0},{"not_picked":["Glass Knife","Phantasmal Killer","Unload"],"picked":"Adrenaline","floor":16.0},{"not_picked":["Quick Slash","Distraction","Poisoned Stab"],"picked":"Concentrate","floor":18.0},{"not_picked":["PiercingWail","Backflip","Noxious Fumes"],"picked":"Distraction+1","floor":19.0},{"not_picked":["Prepared","Doppelganger","Well Laid Plans"],"picked":"PiercingWail","floor":23.0},{"not_picked":["Catalyst","Setup","Deadly Poison+1"],"picked":"Backstab","floor":25.0},{"not_picked":["Predator","Choke","Bane","Quick Slash"],"picked":"SKIP","floor":28.0},{"not_picked":["All Out Attack","Skewer+1","Dagger Spray"],"picked":"PiercingWail","floor":30.0},{"not_picked":["Outmaneuver","Catalyst","Flying Knee+1"],"picked":"Finisher","floor":31.0},{"not_picked":["Night Terror","Phantasmal Killer","Grand Finale"],"picked":"Burst","floor":33.0},{"not_picked":["Tactician","Dodge and Roll","Deadly Poison"],"picked":"Concentrate","floor":35.0},{"not_picked":["Prepared","Dagger Spray+1","Blur","Acrobatics"],"picked":"SKIP","floor":36.0},{"not_picked":["Crippling Poison+1","Dagger Throw","Eviscerate","Backstab"],"picked":"SKIP","floor":37.0},{"not_picked":["Grand Finale","Blade Dance+1","Slice+1","Dagger Throw"],"picked":"SKIP","floor":38.0},{"not_picked":["Flying Knee","Bouncing Flask","Deflect"],"picked":"Prepared+1","floor":39.0},{"not_picked":["Slice","Setup+1","Quick Slash"],"picked":"Choke+1","floor":40.0},{"not_picked":["Flying Knee","Finisher","Footwork","Dodge and Roll+1"],"picked":"SKIP","floor":42.0},{"not_picked":["Deflect","Blade Dance","Tactician"],"picked":"After Image","floor":44.0},{"not_picked":["Acrobatics","Underhanded Strike","Predator"],"picked":"Calculated Gamble+1","floor":45.0},{"not_picked":["Setup","Flying Knee","Distraction","Dagger Spray"],"picked":"SKIP","floor":48.0},{"not_picked":["Skewer+1","Dodge and Roll","Flechettes"],"picked":"Concentrate","floor":53.0},{"not_picked":["Infinite Blades","Outmaneuver","Venomology","Prepared"],"picked":"SKIP","floor":55.0}],"player_experience":739844,"relics_obtained":[{"floor":7.0,"key":"Dream Catcher"},{"floor":9.0,"key":"Letter Opener"},{"floor":10.0,"key":"Centennial Puzzle"},{"floor":13.0,"key":"Nunchaku"},{"floor":22.0,"key":"Red Mask"},{"floor":23.0,"key":"Matryoshka"},{"floor":25.0,"key":"Ancient Tea Set"},{"floor":26.0,"key":"Smiling Mask"},{"floor":28.0,"key":"Orichalcum"},{"floor":30.0,"key":"Pantograph"},{"floor":40.0,"key":"MealTicket"},{"floor":42.0,"key":"Snake Skull"},{"floor":43.0,"key":"Juzu Bracelet"},{"floor":43.0,"key":"Oddly Smooth Stone"},{"floor":55.0,"key":"Happy Flower"}],"event_choices":[{"damage_healed":0.0,"max_hp_gain":0.0,"max_hp_loss":0.0,"gold_gain":0.0,"event_name":"Scrap Ooze","player_choice":"Success","floor":4.0,"gold_loss":0.0,"damage_taken":35.0,"relics_obtained":["Question Card"]},{"damage_healed":22.0,"max_hp_gain":0.0,"max_hp_loss":0.0,"gold_gain":0.0,"event_name":"Big Fish","player_choice":"Banana","floor":5.0,"gold_loss":0.0,"damage_taken":0.0},{"damage_healed":0.0,"max_hp_gain":0.0,"max_hp_loss":0.0,"gold_gain":0.0,"event_name":"Drug Dealer","player_choice":"Inject Mutagens","floor":20.0,"gold_loss":0.0,"damage_taken":0.0,"relics_obtained":["MutagenicStrength"]},{"damage_healed":0.0,"max_hp_gain":0.0,"max_hp_loss":0.0,"gold_gain":0.0,"event_name":"The Library","player_choice":"Read","floor":21.0,"gold_loss":0.0,"damage_taken":0.0,"cards_obtained":["Blade Dance"]},{"damage_healed":0.0,"max_hp_gain":0.0,"max_hp_loss":0.0,"gold_gain":0.0,"event_name":"Masked Bandits","player_choice":"Fought Bandits","floor":22.0,"gold_loss":0.0,"damage_taken":0.0},{"damage_healed":0.0,"max_hp_gain":5.0,"max_hp_loss":0.0,"gold_gain":0.0,"event_name":"Forgotten Altar","player_choice":"Shed Blood","floor":29.0,"gold_loss":0.0,"damage_taken":23.0},{"damage_healed":0.0,"max_hp_gain":0.0,"max_hp_loss":0.0,"gold_gain":0.0,"event_name":"Mysterious Sphere","player_choice":"Fight","floor":39.0,"gold_loss":0.0,"damage_taken":0.0},{"cards_removed":["Strike_G"],"damage_healed":0.0,"max_hp_gain":0.0,"max_hp_loss":0.0,"gold_gain":0.0,"event_name":"Bonfire Elementals","player_choice":"Offered Basic","floor":46.0,"gold_loss":0.0,"damage_taken":0.0}],"is_beta":false,"boss_relics":[{"not_picked":["Runic Pyramid","Busted Crown"],"picked":"Fusion Hammer"},{"not_picked":["Philosopher\u0027s Stone","Runic Dome"],"picked":"Empty Cage"}],"items_purged_floors":[14,27,47,54],"is_endless":false,"potions_floor_spawned":[2,10,11,18,25,33,35,38,39,40,48],"killed_by":"The Heart","ascension_level":20}