{"gold_per_floor":[117,3,178,26,37,37,37,49,49,78,78,404,427,445,445,550,550,568,586,211,230,248,279,279,312,337,347],"floor_reached":27,"playtime":1233,"items_purged":["Defend_G","Doubt","Strike_G"],"score":313,"play_id":"c1616991-8c75-48e4-96d4-d7a38054b8f7","local_time":"20220415040854","is_ascension_mode":false,"campfire_choices":[{"data":"Cloak And Dagger","floor":6,"key":"SMITH"},{"data":"Terror","floor":11,"key":"SMITH"},{"data":"Cloak And Dagger","floor":15,"key":"SMITH"},{"data":"Blade Dance","floor":24,"key":"SMITH"}],"neow_cost":"TEN_PERCENT_HP_LOSS","seed_source_timestamp":486335097317742,"circlet_count":0,"master_deck":["Strike_G","Strike_G","Strike_G","Defend_G","Defend_G","Defend_G+1","Survivor","Neutralize","Terror+1","Masterful Stab","Cloak And Dagger+1","Finisher","Leg Sweep","Cloak And Dagger+1","Die Die Die","Blade Dance","Cloak And Dagger+1","Accuracy","Acrobatics+1","Blade Dance+1"],"relics":["Ring of the Snake","Lantern","Bird Faced Urn","Old Coin","Odd Mushroom","Sozu","Happy Flower","Strawberry","Blue Candle","War Paint"],"potions_floor_usage":[16,16],"damage_taken":[{"damage":0,"enemies":"2 Louse","floor":1,"turns":3},{"damage":0,"enemies":"Jaw Worm","floor":5,"turns":3},{"damage":0,"enemies":"Small Slimes","floor":8,"turns":2},{"damage":3,"enemies":"3 Sentries","floor":10,"turns":8},{"damage":0,"enemies":"Gremlin Nob","floor":12,"turns":2},{"damage":0,"enemies":"The Mushroom Lair","floor":13,"turns":3},{"damage":0,"enemies":"Red Slaver","floor":14,"turns":2},{"damage":53,"enemies":"Slime Boss","floor":16,"turns":15},{"damage":4,"enemies":"2 Thieves","floor":18,"turns":4},{"damage":0,"enemies":"Chosen","floor":19,"turns":2},{"damage":0,"enemies":"Centurion and Healer","floor":21,"turns":3},{"damage":4,"enemies":"3 Cultists","floor":22,"turns":4},{"damage":0,"enemies":"Gremlin Leader","floor":23,"turns":4},{"damage":4,"enemies":"Book of Stabbing","floor":25,"turns":4},{"damage":0,"enemies":"Chosen and Byrds","floor":27,"turns":3}],"seed_played":"7937931231285123473","potions_obtained":[{"floor":10,"key":"SkillPotion"},{"floor":13,"key":"Poison Potion"},{"floor":14,"key":"Explosive Potion"}],"is_trial":false,"path_per_floor":["M","$","?","$","M","R","$","M","T","E","R","E","?","M","R","B",null,"M","M","$","M","M","E","R","E","T","M"],"character_chosen":"THE_SILENT","items_purchased":["Masterful Stab","Cloak And Dagger","Cloak And Dagger","Accuracy","Happy Flower"],"campfire_rested":0,"item_purchase_floors":[2,4,20,20,20],"current_hp_per_floor":[63,63,63,63,63,63,63,63,63,60,60,60,60,60,60,7,63,59,59,59,61,59,68,68,66,66,66],"gold":347,"neow_bonus":"REMOVE_TWO","is_prod":false,"is_daily":false,"chose_seed":false,"campfire_upgraded":4,"win_rate":0,"timestamp":1650013734,"path_taken":["M","$","?","?","M","R","$","M","T","E","R","E","?","M","R","BOSS","M","M","$","M","M","E","R","E","T","M"],"build_version":"2022-03-07","purchased_purges":3,"victory":false,"max_hp_per_floor":[63,63,63,63,63,63,63,63,63,63,63,63,63,63,63,63,63,63,63,63,63,63,70,70,70,70,70],"card_choices":[{"not_picked":["Slice","Underhanded Strike"],"picked":"Terror","floor":1},{"not_picked":["Outmaneuver","Deflect","Poisoned Stab"],"picked":"SKIP","floor":5},{"not_picked":["Dodge and Roll","Slice","Terror"],"picked":"SKIP","floor":8},{"not_picked":["Predator","Calculated Gamble"],"picked":"Finisher","floor":10},{"not_picked":["Outmaneuver","Sucker Punch"],"picked":"Leg Sweep","floor":12},{"not_picked":["Dash","Dagger Spray"],"picked":"Cloak And Dagger","floor":13},{"not_picked":["Corpse Explosion","Acrobatics","Dash"],"picked":"SKIP","floor":14},{"not_picked":["A Thousand Cuts","Grand Finale"],"picked":"Die Die Die","floor":16},{"not_picked":["Acrobatics","Dodge and Roll"],"picked":"Blade Dance","floor":18},{"not_picked":["Backflip","Glass Knife","Leg Sweep"],"picked":"SKIP","floor":19},{"not_picked":["Tactician","Poisoned Stab+1","Sucker Punch+1"],"picked":"SKIP","floor":21},{"not_picked":["Bane+1","Quick Slash+1"],"picked":"Acrobatics+1","floor":22},{"not_picked":["Burst","Skewer"],"picked":"Blade Dance","floor":23},{"not_picked":["Sucker Punch","Flying Knee","Predator"],"picked":"SKIP","floor":25},{"not_picked":["Finisher","Reflex","Masterful Stab"],"picked":"SKIP","floor":27}],"player_experience":784985,"relics_obtained":[{"floor":9,"key":"Lantern"},{"floor":10,"key":"Bird Faced Urn"},{"floor":12,"key":"Old Coin"},{"floor":13,"key":"Odd Mushroom"},{"floor":23,"key":"Strawberry"},{"floor":25,"key":"Blue Candle"},{"floor":26,"key":"War Paint"}],"event_choices":[{"damage_healed":0,"gold_gain":175,"player_choice":"AGREE","damage_taken":0,"max_hp_gain":0,"max_hp_loss":0,"event_name":"Liars Game","floor":3,"gold_loss":0,"cards_obtained":["Doubt"]},{"damage_healed":0,"gold_gain":0,"player_choice":"Fought Mushrooms","damage_taken":0,"max_hp_gain":0,"max_hp_loss":0,"event_name":"Mushrooms","floor":13,"gold_loss":0}],"is_beta":false,"boss_relics":[{"not_picked":["Runic Pyramid","Philosopher\u0027s Stone"],"picked":"Sozu"}],"items_purged_floors":[2,4,20],"is_endless":false,"potions_floor_spawned":[10,13,14,18,19,23,27],"killed_by":"Chosen and Byrds","ascension_level":0}