{"gold_per_floor":[111,186,197,213,213,213,239,253,280,280,292,292,326,137,137,137],"floor_reached":16,"playtime":1187,"items_purged":["Defend_G"],"score":220,"play_id":"21ccb917-fd4d-47fe-b622-159f8a2383e0","local_time":"20220419171805","is_ascension_mode":true,"campfire_choices":[{"floor":6,"key":"REST"},{"data":"Noxious Fumes","floor":10,"key":"SMITH"},{"data":"Terror","floor":12,"key":"SMITH"},{"data":"Catalyst","floor":15,"key":"SMITH"}],"neow_cost":"NONE","seed_source_timestamp":126859486182825,"circlet_count":0,"master_deck":["AscendersBane","Strike_G","Strike_G","Strike_G","Strike_G","Strike_G","Defend_G","Defend_G","Defend_G","Defend_G","Survivor","Neutralize","Leg Sweep","Terror+1","Noxious Fumes+1","Predator","Dagger Spray","Bouncing Flask","PiercingWail","Catalyst+1"],"relics":["Ring of the Snake","NeowsBlessing","PreservedInsect","MealTicket","Tiny Chest"],"potions_floor_usage":[11,11],"damage_taken":[{"damage":0,"enemies":"2 Louse","floor":1,"turns":1},{"damage":0,"enemies":"Small Slimes","floor":3,"turns":1},{"damage":0,"enemies":"Jaw Worm","floor":4,"turns":1},{"damage":17,"enemies":"Lagavulin","floor":7,"turns":9},{"damage":0,"enemies":"2 Fungi Beasts","floor":8,"turns":5},{"damage":5,"enemies":"Gremlin Gang","floor":11,"turns":4},{"damage":4,"enemies":"3 Sentries","floor":13,"turns":7},{"damage":31,"enemies":"Slime Boss","floor":16,"turns":8}],"seed_played":"-457788466999518726","potions_obtained":[{"floor":1,"key":"AttackPotion"},{"floor":7,"key":"SteroidPotion"},{"floor":11,"key":"Energy Potion"}],"is_trial":false,"path_per_floor":["M","?","M","M","?","R","E","M","T","R","M","R","E","$","R","B"],"character_chosen":"THE_SILENT","items_purchased":["PiercingWail","Catalyst"],"campfire_rested":1,"item_purchase_floors":[14,14],"current_hp_per_floor":[59,48,48,48,22,41,24,24,24,24,19,19,15,30,30,0],"gold":137,"neow_bonus":"THREE_ENEMY_KILL","is_prod":false,"is_daily":false,"chose_seed":false,"campfire_upgraded":3,"win_rate":0,"timestamp":1650406685,"path_taken":["M","?","M","M","?","R","E","M","T","R","?","R","E","$","R","BOSS"],"build_version":"2022-03-07","purchased_purges":1,"victory":false,"max_hp_per_floor":[66,66,66,66,66,66,66,66,66,66,66,66,66,66,66,66],"card_choices":[{"not_picked":["Backflip","Slice"],"picked":"Leg Sweep","floor":1},{"not_picked":["PiercingWail","Slice"],"picked":"Terror","floor":3},{"not_picked":["Deadly Poison","Bane"],"picked":"Noxious Fumes","floor":4},{"not_picked":["Choke","Endless Agony"],"picked":"Predator","floor":7},{"not_picked":["Acrobatics","Noxious Fumes"],"picked":"Dagger Spray","floor":8},{"not_picked":["Flying Knee","Expertise","Acrobatics"],"picked":"SKIP","floor":11},{"not_picked":["Underhanded Strike","Prepared"],"picked":"Bouncing Flask","floor":13}],"player_experience":829518,"relics_obtained":[{"floor":7,"key":"MealTicket"},{"floor":13,"key":"Tiny Chest"}],"event_choices":[{"damage_healed":0,"gold_gain":75,"player_choice":"Gather Gold","damage_taken":11,"max_hp_gain":0,"max_hp_loss":0,"event_name":"World of Goop","floor":2,"gold_loss":0},{"damage_healed":0,"gold_gain":0,"player_choice":"Success","damage_taken":26,"relics_obtained":["PreservedInsect"],"max_hp_gain":0,"max_hp_loss":0,"event_name":"Scrap Ooze","floor":5,"gold_loss":0}],"is_beta":false,"boss_relics":[],"items_purged_floors":[14],"is_endless":false,"potions_floor_spawned":[1,7,11],"killed_by":"Slime Boss","ascension_level":20}