{"gold_per_floor":[212,212,212,43,54,80,80,155,155,155,120,68,68,31,31,151,151,165,183,183,201,201,201,58,58,105,41,166,166,166,166,166,296,296],"floor_reached":34,"playtime":999,"items_purged":[],"score":340,"play_id":"f2c2ead4-7861-40ea-a948-f1c1e88abab6","local_time":"20220415042647","is_ascension_mode":false,"campfire_choices":[{"data":"Neutralize","floor":7,"key":"SMITH"},{"data":"Storm of Steel","floor":15,"key":"SMITH"},{"data":"Envenom","floor":23,"key":"SMITH"},{"data":"After Image","floor":25,"key":"SMITH"},{"data":"Backflip","floor":32,"key":"SMITH"}],"neow_cost":"NONE","seed_source_timestamp":487648075631239,"circlet_count":0,"master_deck":["Strike_G+1","Strike_G+1","Strike_G+1","Strike_G+1","Strike_G+1","Defend_G+1","Defend_G+1","Defend_G+1","Defend_G+1","Defend_G+1","Survivor","Neutralize+1","Slice","Bane+1","Storm of Steel+1","Backflip+1","Backstab","Envenom+1","Catalyst+1","After Image+1","Backstab"],"relics":["Ring of the Snake","Juzu Bracelet","TwistedFunnel","Pocketwatch","Art of War","Golden Idol","Pantograph","Busted Crown","CeramicFish","Torii","The Courier","Cursed Key"],"potions_floor_usage":[21],"damage_taken":[{"damage":6,"enemies":"Jaw Worm","floor":1,"turns":6},{"damage":0,"enemies":"Cultist","floor":5,"turns":3},{"damage":38,"enemies":"3 Sentries","floor":6,"turns":14},{"damage":32,"enemies":"The Guardian","floor":16,"turns":16},{"damage":16,"enemies":"Spheric Guardian","floor":18,"turns":5},{"damage":3,"enemies":"Shell Parasite","floor":19,"turns":4},{"damage":22,"enemies":"3 Cultists","floor":21,"turns":5},{"damage":7,"enemies":"Colosseum Slavers","floor":28,"turns":4},{"damage":14,"enemies":"Colosseum Nobs","floor":28,"turns":5},{"damage":21,"enemies":"Champ","floor":33,"turns":13}],"seed_played":"-3399478988156233093","potions_obtained":[{"floor":6,"key":"Block Potion"},{"floor":18,"key":"FairyPotion"},{"floor":21,"key":"Dexterity Potion"},{"floor":33,"key":"Strength Potion"}],"is_trial":false,"path_per_floor":["M","?","?","$","M","E","R","?","T","?","?","$","T","$","R","B",null,"M","M","?","M","?","R","$","R","T","$","?","?","?","?","R","B",null],"character_chosen":"THE_SILENT","items_purchased":["TwistedFunnel","Slice","Backflip","Backstab","After Image","Backstab"],"campfire_rested":0,"item_purchase_floors":[4,4,12,14,24,27],"current_hp_per_floor":[64,64,64,64,64,26,26,15,15,15,31,31,31,31,31,24,65,49,46,46,24,24,24,24,24,24,24,3,3,3,3,3,7,65],"gold":296,"neow_bonus":"HUNDRED_GOLD","is_prod":false,"is_daily":false,"chose_seed":false,"campfire_upgraded":5,"win_rate":0,"timestamp":1650014807,"path_taken":["M","?","?","?","M","E","R","?","T","?","?","$","?","?","R","BOSS","M","M","?","M","?","R","$","R","T","$","?","?","?","?","R","BOSS"],"build_version":"2022-03-07","purchased_purges":0,"victory":false,"max_hp_per_floor":[70,70,70,70,70,70,70,70,70,65,65,65,65,65,65,65,65,65,65,65,65,65,65,65,65,65,65,65,65,65,65,65,65,65],"card_choices":[{"not_picked":["Underhanded Strike","Infinite Blades"],"picked":"Dagger Throw","floor":1},{"not_picked":["Dagger Throw","Underhanded Strike"],"picked":"Bane","floor":5},{"not_picked":["Infinite Blades","Sucker Punch"],"picked":"Storm of Steel","floor":6},{"not_picked":["Bullet Time","Burst"],"picked":"Envenom","floor":16},{"not_picked":["Riddle With Holes"],"picked":"SKIP","floor":18},{"not_picked":[],"picked":"Catalyst+1","floor":19},{"not_picked":["Prepared"],"picked":"SKIP","floor":21}],"player_experience":786218,"relics_obtained":[{"floor":6,"key":"Pocketwatch"},{"floor":9,"key":"Art of War"},{"floor":13,"key":"Pantograph"},{"floor":26,"key":"CeramicFish"},{"floor":28,"key":"Torii"},{"floor":28,"key":"The Courier"}],"event_choices":[{"cards_removed":["Dagger Throw"],"damage_healed":0,"gold_gain":0,"player_choice":"Gave Card","damage_taken":0,"relics_obtained":["Juzu Bracelet"],"max_hp_gain":0,"max_hp_loss":0,"event_name":"WeMeetAgain","floor":2,"gold_loss":0},{"damage_healed":0,"gold_gain":0,"player_choice":"Ignored","damage_taken":0,"max_hp_gain":0,"max_hp_loss":0,"event_name":"NoteForYourself","floor":3,"gold_loss":0},{"damage_healed":0,"gold_gain":75,"player_choice":"Gather Gold","damage_taken":11,"max_hp_gain":0,"max_hp_loss":0,"event_name":"World of Goop","floor":8,"gold_loss":0},{"damage_healed":0,"gold_gain":0,"player_choice":"Lose Max HP","damage_taken":0,"relics_obtained":["Golden Idol"],"max_hp_gain":0,"max_hp_loss":5,"event_name":"Golden Idol","floor":10,"gold_loss":0},{"damage_healed":16,"gold_gain":0,"player_choice":"Healed","damage_taken":0,"max_hp_gain":0,"max_hp_loss":0,"event_name":"The Cleric","floor":11,"gold_loss":35},{"damage_healed":0,"gold_gain":0,"player_choice":"Ignored","damage_taken":0,"max_hp_gain":0,"max_hp_loss":0,"event_name":"Ghosts","floor":20,"gold_loss":0},{"damage_healed":0,"gold_gain":0,"player_choice":"Ignored","damage_taken":0,"max_hp_gain":0,"max_hp_loss":0,"event_name":"Cursed Tome","floor":22,"gold_loss":0},{"damage_healed":0,"gold_gain":0,"player_choice":"Fight","damage_taken":0,"max_hp_gain":0,"max_hp_loss":0,"event_name":"Colosseum","floor":28,"gold_loss":0},{"damage_healed":0,"gold_gain":0,"player_choice":"Fought Nobs","damage_taken":0,"max_hp_gain":0,"max_hp_loss":0,"event_name":"Colosseum","floor":28,"gold_loss":0},{"damage_healed":0,"gold_gain":0,"player_choice":"Forge","damage_taken":0,"max_hp_gain":0,"max_hp_loss":0,"event_name":"Accursed Blacksmith","floor":29,"gold_loss":0,"cards_upgraded":["Bane"]},{"damage_healed":0,"gold_gain":0,"player_choice":"Ignored","damage_taken":0,"max_hp_gain":0,"max_hp_loss":0,"event_name":"Vampires","floor":30,"gold_loss":0},{"damage_healed":0,"gold_gain":0,"player_choice":"Simplicity","damage_taken":0,"max_hp_gain":0,"max_hp_loss":0,"event_name":"Back to Basics","floor":31,"gold_loss":0,"cards_upgraded":["Strike_G","Strike_G","Strike_G","Strike_G","Strike_G","Defend_G","Defend_G","Defend_G","Defend_G","Defend_G"]}],"is_beta":false,"boss_relics":[{"not_picked":["SacredBark","Runic Dome"],"picked":"Busted Crown"},{"not_picked":["Black Star","Runic Pyramid"],"picked":"Cursed Key"}],"items_purged_floors":[],"is_endless":false,"potions_floor_spawned":[6,18,21,33],"ascension_level":0}