{"gold_per_floor":[115,40,115,115,135,178,178,221,221,221,240,261,280,300,300,430,430,448,448,439,439,339,382,429,429,510,526,104,138,138,154,154,154],"floor_reached":33,"playtime":994,"items_purged":["Strike_G","Defend_G","Strike_G"],"score":320,"play_id":"b0486853-f2dd-4ff7-bbe0-127865cf7458","local_time":"20220415045825","is_ascension_mode":false,"campfire_choices":[{"data":"Footwork","floor":7,"key":"SMITH"},{"data":"Bouncing Flask","floor":10,"key":"SMITH"},{"data":"Poisoned Stab","floor":15,"key":"SMITH"},{"data":"Malaise","floor":25,"key":"SMITH"},{"data":"Catalyst","floor":30,"key":"SMITH"},{"data":"Leg Sweep","floor":32,"key":"SMITH"}],"neow_cost":"NONE","seed_source_timestamp":489537308156518,"circlet_count":0,"master_deck":["Strike_G","Strike_G","Strike_G","Defend_G","Defend_G","Defend_G","Defend_G","Survivor","Neutralize","Footwork+1","Bouncing Flask+1","Backstab","Bane","PiercingWail","Poisoned Stab+1","Malaise+1","PiercingWail","Catalyst+1","Leg Sweep+1","Footwork+1","Blade Dance+1"],"relics":["Ring of the Snake","NeowsBlessing","InkBottle","Golden Idol","HornCleat","Ancient Tea Set","Ornamental Fan","Coffee Dripper","Oddly Smooth Stone","The Specimen","Regal Pillow","Thread and Needle","Peace Pipe"],"potions_floor_usage":[29,33],"damage_taken":[{"damage":0,"enemies":"Cultist","floor":1,"turns":1},{"damage":0,"enemies":"Small Slimes","floor":5,"turns":1},{"damage":0,"enemies":"Gremlin Nob","floor":6,"turns":1},{"damage":13,"enemies":"Lagavulin","floor":8,"turns":6},{"damage":0,"enemies":"Jaw Worm","floor":11,"turns":3},{"damage":0,"enemies":"Looter","floor":12,"turns":3},{"damage":4,"enemies":"Blue Slaver","floor":13,"turns":3},{"damage":9,"enemies":"Large Slime","floor":14,"turns":6},{"damage":19,"enemies":"The Guardian","floor":16,"turns":9},{"damage":0,"enemies":"3 Byrds","floor":18,"turns":6},{"damage":4,"enemies":"2 Thieves","floor":20,"turns":4},{"damage":3,"enemies":"Book of Stabbing","floor":23,"turns":7},{"damage":21,"enemies":"Centurion and Healer","floor":27,"turns":7},{"damage":26,"enemies":"Slavers","floor":29,"turns":7},{"damage":0,"enemies":"Snake Plant","floor":31,"turns":5},{"damage":19,"enemies":"Automaton","floor":33,"turns":6}],"seed_played":"82545728375265643","potions_obtained":[{"floor":8,"key":"Swift Potion"},{"floor":11,"key":"EssenceOfSteel"},{"floor":12,"key":"Fire Potion"},{"floor":16,"key":"SteroidPotion"},{"floor":27,"key":"Block Potion"},{"floor":31,"key":"Strength Potion"}],"is_trial":false,"path_per_floor":["M","$","T","?","M","E","R","E","T","R","M","M","M","M","R","B",null,"M","?","M","?","$","E","T","R","T","M","$","E","R","M","R","B"],"character_chosen":"THE_SILENT","items_purchased":["Thread and Needle"],"campfire_rested":0,"item_purchase_floors":[28],"current_hp_per_floor":[70,70,70,65,65,65,65,52,52,52,52,52,48,39,39,20,65,65,65,61,61,61,58,58,58,58,37,37,11,11,11,11,0],"gold":154,"neow_bonus":"THREE_ENEMY_KILL","is_prod":false,"is_daily":false,"chose_seed":false,"campfire_upgraded":6,"win_rate":0,"timestamp":1650016705,"path_taken":["M","$","?","?","M","E","R","E","T","R","M","M","?","M","R","BOSS","M","?","M","?","$","E","?","R","T","M","$","E","R","M","R","BOSS"],"build_version":"2022-03-07","purchased_purges":3,"victory":false,"max_hp_per_floor":[70,70,70,65,65,65,65,65,65,65,65,65,65,65,65,65,65,65,65,65,65,65,65,65,65,65,65,65,65,65,65,65,65],"card_choices":[{"not_picked":["Flying Knee","Slice"],"picked":"Footwork","floor":1},{"not_picked":["Bane","Prepared"],"picked":"Bouncing Flask","floor":5},{"not_picked":["Prepared","Predator"],"picked":"Backstab","floor":6},{"not_picked":["Prepared","Underhanded Strike"],"picked":"Bane","floor":8},{"not_picked":["Flechettes","Acrobatics","Deflect"],"picked":"SKIP","floor":11},{"not_picked":["Well Laid Plans","Blur"],"picked":"PiercingWail","floor":12},{"not_picked":["Deflect","Escape Plan"],"picked":"Poisoned Stab","floor":13},{"not_picked":["Sucker Punch","Prepared","Cloak And Dagger"],"picked":"SKIP","floor":14},{"not_picked":["Die Die Die","Corpse Explosion"],"picked":"Malaise","floor":16},{"not_picked":["Bane","Quick Slash"],"picked":"PiercingWail","floor":18},{"not_picked":["Escape Plan+1","Eviscerate"],"picked":"Leg Sweep","floor":20},{"not_picked":["PiercingWail","Choke+1","Cloak And Dagger"],"picked":"SKIP","floor":23},{"not_picked":["Infinite Blades","Bane"],"picked":"Footwork+1","floor":27},{"not_picked":["Masterful Stab","Quick Slash","Dagger Spray+1"],"picked":"SKIP","floor":29},{"not_picked":["Deflect","Setup"],"picked":"Blade Dance+1","floor":31}],"player_experience":788045,"relics_obtained":[{"floor":3,"key":"InkBottle"},{"floor":6,"key":"HornCleat"},{"floor":8,"key":"Ancient Tea Set"},{"floor":9,"key":"Ornamental Fan"},{"floor":23,"key":"The Specimen"},{"floor":24,"key":"Regal Pillow"},{"floor":29,"key":"Peace Pipe"}],"event_choices":[{"damage_healed":0,"gold_gain":0,"player_choice":"Lose Max HP","damage_taken":0,"relics_obtained":["Golden Idol"],"max_hp_gain":0,"max_hp_loss":5,"event_name":"Golden Idol","floor":4,"gold_loss":0},{"damage_healed":0,"gold_gain":0,"player_choice":"Read","damage_taken":0,"max_hp_gain":0,"max_hp_loss":0,"event_name":"The Library","floor":19,"gold_loss":0,"cards_obtained":["Catalyst"]},{"damage_healed":0,"gold_gain":0,"player_choice":"Opened","damage_taken":0,"relics_obtained":["Oddly Smooth Stone"],"max_hp_gain":0,"max_hp_loss":0,"event_name":"The Mausoleum","floor":21,"gold_loss":0}],"is_beta":false,"boss_relics":[{"not_picked":["Ring of the Serpent","Sozu"],"picked":"Coffee Dripper"}],"items_purged_floors":[2,22,28],"is_endless":false,"potions_floor_spawned":[8,11,12,16,23,27,31],"killed_by":"Automaton","ascension_level":0}