{"gold_per_floor":[111,126,136,156,156,195,221,146,171,171,171,197,52,62,62,175,175,202,211,211,211],"floor_reached":21,"playtime":559,"items_purged":["Regret"],"score":181,"play_id":"69bb8a7f-054b-4686-a223-ade18c8ffbe1","local_time":"20220415043632","is_ascension_mode":false,"campfire_choices":[{"data":"Noxious Fumes","floor":15,"key":"SMITH"}],"neow_cost":"NONE","seed_source_timestamp":488669718940537,"circlet_count":0,"master_deck":["Strike_G","Strike_G","Strike_G","Strike_G","Strike_G","Defend_G","Defend_G","Defend_G","Defend_G","Defend_G","Survivor","Neutralize","Deadly Poison","Blade Dance","Noxious Fumes+1","Bane","Poisoned Stab","Crippling Poison","Acrobatics","Accuracy","Envenom","Accuracy+1","Catalyst"],"relics":["Ring of the Snake","Question Card","CeramicFish","Bag of Marbles","Akabeko","Sling","Black Star","MutagenicStrength"],"potions_floor_usage":[],"damage_taken":[{"damage":0,"enemies":"Small Slimes","floor":1,"turns":3},{"damage":1,"enemies":"Jaw Worm","floor":2,"turns":4},{"damage":0,"enemies":"2 Louse","floor":3,"turns":3},{"damage":2,"enemies":"Looter","floor":4,"turns":3},{"damage":26,"enemies":"Gremlin Nob","floor":6,"turns":4},{"damage":7,"enemies":"3 Louse","floor":7,"turns":5},{"damage":2,"enemies":"2 Fungi Beasts","floor":12,"turns":3},{"damage":2,"enemies":"Looter","floor":14,"turns":3},{"damage":8,"enemies":"Hexaghost","floor":16,"turns":7},{"damage":9,"enemies":"Chosen","floor":18,"turns":5},{"damage":16,"enemies":"Spheric Guardian","floor":21,"turns":4}],"seed_played":"-7395591045372815320","potions_obtained":[{"floor":4,"key":"BlessingOfTheForge"},{"floor":6,"key":"Explosive Potion"},{"floor":7,"key":"FairyPotion"},{"floor":16,"key":"SneckoOil"},{"floor":18,"key":"SkillPotion"}],"is_trial":false,"path_per_floor":["M","M","M","M","?","E","M","$","T","?","T","M","$","M","R","B",null,"M","?","?","M"],"character_chosen":"THE_SILENT","items_purchased":["Sling"],"campfire_rested":0,"item_purchase_floors":[13],"current_hp_per_floor":[70,69,69,67,67,41,34,34,34,22,22,20,20,18,18,10,70,61,61,61,45],"gold":211,"neow_bonus":"THREE_CARDS","is_prod":false,"is_daily":false,"chose_seed":false,"campfire_upgraded":1,"win_rate":0,"timestamp":1650015392,"path_taken":["M","M","M","M","?","E","M","$","T","?","?","M","$","M","R","BOSS","M","?","?","M"],"build_version":"2022-03-07","purchased_purges":1,"victory":false,"max_hp_per_floor":[70,70,70,70,70,70,70,70,70,70,70,70,70,70,70,70,70,70,70,70,70],"card_choices":[{"not_picked":["Flying Knee","Outmaneuver"],"picked":"Deadly Poison","floor":0},{"not_picked":["Underhanded Strike","Flying Knee"],"picked":"Blade Dance","floor":1},{"not_picked":["Skewer","Setup"],"picked":"Noxious Fumes","floor":2},{"not_picked":["Caltrops","Noxious Fumes"],"picked":"Bane","floor":3},{"not_picked":["Prepared","Dagger Throw"],"picked":"Poisoned Stab","floor":4},{"not_picked":["Concentrate","Bullet Time","Masterful Stab"],"picked":"Crippling Poison","floor":6},{"not_picked":["Dodge and Roll","Slice","Sucker Punch"],"picked":"Acrobatics","floor":7},{"not_picked":["Poisoned Stab","Leg Sweep","Skewer"],"picked":"Accuracy","floor":12},{"not_picked":["Deflect","Flying Knee","Well Laid Plans","Poisoned Stab"],"picked":"SKIP","floor":14},{"not_picked":["Burst","Night Terror","Corpse Explosion"],"picked":"Envenom","floor":16},{"not_picked":["Heel Hook+1","Slice+1","Underhanded Strike+1"],"picked":"Accuracy+1","floor":18}],"player_experience":787217,"relics_obtained":[{"floor":6,"key":"CeramicFish"},{"floor":9,"key":"Bag of Marbles"}],"event_choices":[{"damage_healed":0,"gold_gain":0,"player_choice":"Box","damage_taken":0,"relics_obtained":["Question Card"],"max_hp_gain":0,"max_hp_loss":0,"event_name":"Big Fish","floor":5,"gold_loss":0,"cards_obtained":["Regret"]},{"damage_healed":0,"gold_gain":0,"player_choice":"Success","damage_taken":12,"relics_obtained":["Akabeko"],"max_hp_gain":0,"max_hp_loss":0,"event_name":"Scrap Ooze","floor":10,"gold_loss":0},{"damage_healed":0,"gold_gain":0,"player_choice":"Read","damage_taken":0,"max_hp_gain":0,"max_hp_loss":0,"event_name":"The Library","floor":19,"gold_loss":0,"cards_obtained":["Catalyst"]},{"damage_healed":0,"gold_gain":0,"player_choice":"Inject Mutagens","damage_taken":0,"relics_obtained":["MutagenicStrength"],"max_hp_gain":0,"max_hp_loss":0,"event_name":"Drug Dealer","floor":20,"gold_loss":0}],"is_beta":false,"boss_relics":[{"not_picked":["Sozu","Runic Dome"],"picked":"Black Star"}],"items_purged_floors":[8],"is_endless":false,"potions_floor_spawned":[4,6,7,16,18],"killed_by":"Spheric Guardian","ascension_level":0}