{"gold_per_floor":[118,118,131,131,144,144,175,189,189,207,241,241,270,282,282,384,384,404,421,439,451,451,485,485,516,540,455,467,477,505,517,517,621,621,640,658,658,658,677,709,729,756,756,756,756,787,805,247,247,247,247,247,41,76,76],"floor_reached":56,"playtime":5602,"items_purged":["Strike_G","Strike_G"],"score":1477,"play_id":"1ebbd04a-2278-42d7-83ce-6d4778f68ae5","local_time":"20220419135644","is_ascension_mode":true,"campfire_choices":[{"data":"Adrenaline","floor":6.0,"key":"SMITH"},{"data":"Calculated Gamble","floor":15.0,"key":"SMITH"},{"data":"Neutralize","floor":24.0,"key":"SMITH"},{"data":"Well Laid Plans","floor":32.0,"key":"SMITH"},{"data":"Wraith Form v2","floor":44,"key":"SMITH"},{"floor":49,"key":"RECALL"},{"data":"Acrobatics","floor":52,"key":"SMITH"}],"neow_cost":"TEN_PERCENT_HP_LOSS","seed_source_timestamp":109930136867602,"circlet_count":0,"master_deck":["Strike_G","Defend_G+1","Defend_G","Defend_G","Defend_G","Survivor","Neutralize+1","Adrenaline+1","Endless Agony","Prepared","Acrobatics+1","Dash","Blade Dance","Blade Dance","PiercingWail","Poisoned Stab+1","Calculated Gamble+1","Die Die Die+1","Caltrops","Eviscerate+1","Dagger Throw+1","Reflex","Well Laid Plans+1","PiercingWail","Tactician","Concentrate","Wraith Form v2+1","Concentrate+1","Prepared+1","Prepared+1","Underhanded Strike+1","Escape Plan+1","Blade Dance+1"],"special_seed":0,"relics":["Ring of the Snake","Dream Catcher","Molten Egg 2","Tingsha","Black Star","Paper Crane","Question Card","Smiling Mask","Dead Branch","PreservedInsect","Anchor","Singing Bowl","Sundial","SlaversCollar","Pen Nib","Pear","Art of War","Strawberry","Ninja Scroll","Gremlin Horn","Ornamental Fan","Bottled Lightning","Toolbox","Bottled Tornado","Centennial Puzzle"],"potions_floor_usage":[55,55,55,55],"damage_taken":[{"damage":0.0,"enemies":"Small Slimes","floor":1.0,"turns":4.0},{"damage":0.0,"enemies":"2 Louse","floor":3.0,"turns":2.0},{"damage":0.0,"enemies":"Cultist","floor":5.0,"turns":3.0},{"damage":17.0,"enemies":"Lagavulin","floor":7.0,"turns":9.0},{"damage":0.0,"enemies":"Gremlin Gang","floor":8.0,"turns":5.0},{"damage":0.0,"enemies":"Blue Slaver","floor":10.0,"turns":3.0},{"damage":0.0,"enemies":"3 Sentries","floor":11.0,"turns":7.0},{"damage":10.0,"enemies":"Gremlin Nob","floor":13.0,"turns":4.0},{"damage":0.0,"enemies":"Looter","floor":14.0,"turns":2.0},{"damage":7.0,"enemies":"The Guardian","floor":16.0,"turns":14.0},{"damage":3.0,"enemies":"2 Thieves","floor":18.0,"turns":4.0},{"damage":0.0,"enemies":"3 Byrds","floor":19.0,"turns":5.0},{"damage":4.0,"enemies":"3 Cultists","floor":20.0,"turns":4.0},{"damage":10.0,"enemies":"Snecko","floor":21.0,"turns":4.0},{"damage":13.0,"enemies":"Gremlin Leader","floor":23.0,"turns":8.0},{"damage":9.0,"enemies":"Book of Stabbing","floor":25.0,"turns":5.0},{"damage":0.0,"enemies":"Cultist and Chosen","floor":28.0,"turns":3.0},{"damage":0.0,"enemies":"Shelled Parasite and Fungi","floor":29.0,"turns":2.0},{"damage":5.0,"enemies":"Gremlin Leader","floor":30.0,"turns":4.0},{"damage":0.0,"enemies":"Snake Plant","floor":31.0,"turns":3.0},{"damage":17.0,"enemies":"Champ","floor":33.0,"turns":10.0},{"damage":7.0,"enemies":"3 Darklings","floor":35.0,"turns":5.0},{"damage":1.0,"enemies":"3 Shapes","floor":36.0,"turns":8.0},{"damage":25.0,"enemies":"Maw","floor":39.0,"turns":7.0},{"damage":3.0,"enemies":"Giant Head","floor":40.0,"turns":6.0},{"damage":9,"enemies":"Writhing Mass","floor":41,"turns":6},{"damage":0,"enemies":"Nemesis","floor":42,"turns":4},{"damage":0,"enemies":"Giant Head","floor":46,"turns":5},{"damage":0,"enemies":"4 Shapes","floor":47,"turns":3},{"damage":12,"enemies":"Awakened One","floor":50,"turns":7},{"damage":0,"enemies":"Shield and Spear","floor":54,"turns":5},{"damage":29,"enemies":"The Heart","floor":55,"turns":6}],"seed_played":"6555180784815545116","potions_obtained":[{"floor":1.0,"key":"LiquidMemories"},{"floor":3.0,"key":"GhostInAJar"},{"floor":8.0,"key":"SkillPotion"},{"floor":11.0,"key":"Swift Potion"},{"floor":20.0,"key":"PowerPotion"},{"floor":29.0,"key":"DuplicationPotion"},{"floor":30.0,"key":"Regen Potion"},{"floor":36.0,"key":"EntropicBrew"},{"floor":41,"key":"Weak Potion"},{"floor":42,"key":"FairyPotion"}],"is_trial":false,"path_per_floor":["M","?","M","?","M","R","E","M","T","M","E","?","E","M","R","B",null,"M","M","M","M","?","E","R","E","T","?","M","M","E","M","R","B",null,"M","M","?","?","M","E","M","E","T","R","?","E","M","$","R","B",null,"R","$","E","B",null],"character_chosen":"THE_SILENT","items_purchased":["Ornamental Fan","Bottled Lightning","Toolbox"],"campfire_rested":0,"item_purchase_floors":[48,48,53],"current_hp_per_floor":[63,50,50,43,43,43,26,26,26,26,26,26,16,16,16,9,63,60,60,56,46,46,33,33,24,24,24,24,24,19,19,19,17,63,58,57,57,57,32,41,32,39,39,39,39,39,41,41,41,29,83,83,83,83,54],"gold":76,"neow_bonus":"THREE_RARE_CARDS","is_prod":false,"is_daily":false,"chose_seed":false,"campfire_upgraded":6,"win_rate":0,"timestamp":1650394604,"path_taken":["M","?","M","?","M","R","E","M","T","M","E","?","E","?","R","BOSS","M","?","M","?","?","E","R","E","T","?","M","M","E","M","R","BOSS","M","M","?","?","M","E","M","E","T","R","?","E","M","$","R","BOSS","R","$","E","BOSS"],"build_version":"2022-03-07","purchased_purges":2,"victory":true,"max_hp_per_floor":[63,63,63,63,63,63,63,63,63,63,63,63,63,63,63,63,63,63,63,63,63,63,63,63,63,63,63,63,63,63,63,63,63,63,65,65,65,62,62,74,74,81,81,81,81,81,83,83,83,83,83,83,83,83,83],"card_choices":[{"not_picked":["Grand Finale","A Thousand Cuts"],"picked":"Adrenaline","floor":0.0},{"not_picked":["Tactician","Flying Knee"],"picked":"Endless Agony","floor":1.0},{"not_picked":["Cloak And Dagger","Sucker Punch"],"picked":"Prepared","floor":3.0},{"not_picked":["Dagger Spray","Endless Agony"],"picked":"Acrobatics","floor":5.0},{"not_picked":["Tools of the Trade","Dagger Throw"],"picked":"Dash","floor":7.0},{"not_picked":["Choke","Calculated Gamble"],"picked":"Blade Dance","floor":8.0},{"not_picked":["All Out Attack+1","Heel Hook+1"],"picked":"Blade Dance","floor":10.0},{"not_picked":["Dagger Spray+1","Flying Knee+1"],"picked":"PiercingWail","floor":11.0},{"not_picked":["Dagger Spray+1","Flying Knee+1"],"picked":"Poisoned Stab+1","floor":13.0},{"not_picked":["Poisoned Stab+1","Storm of Steel"],"picked":"Calculated Gamble","floor":14.0},{"not_picked":["Doppelganger","Phantasmal Killer"],"picked":"Die Die Die+1","floor":16.0},{"not_picked":["Acrobatics","Quick Slash+1"],"picked":"Caltrops","floor":18.0},{"not_picked":["Quick Slash+1","Dagger Throw+1"],"picked":"Eviscerate+1","floor":19.0},{"not_picked":["Finisher+1","Bane+1","Dodge and Roll"],"picked":"SKIP","floor":20.0},{"not_picked":["Envenom","Bane+1"],"picked":"Dagger Throw+1","floor":21.0},{"not_picked":["Quick Slash+1","Flying Knee+1"],"picked":"Reflex","floor":23.0},{"not_picked":["Envenom","Blade Dance","Skewer+1","Quick Slash+1"],"picked":"SKIP","floor":25.0},{"not_picked":["Finisher+1","Backflip","Riddle With Holes+1"],"picked":"Well Laid Plans","floor":28.0},{"not_picked":["Dodge and Roll","Quick Slash+1","Flying Knee+1"],"picked":"PiercingWail","floor":29.0},{"not_picked":["Expertise","Grand Finale+1","Backflip"],"picked":"Tactician","floor":30.0},{"not_picked":["Underhanded Strike+1","Acrobatics","Dagger Throw+1"],"picked":"Concentrate","floor":31.0},{"not_picked":["Doppelganger","Corpse Explosion","Bullet Time"],"picked":"Wraith Form v2","floor":33.0},{"not_picked":["Riddle With Holes+1","Quick Slash+1","Sucker Punch+1","Flying Knee+1"],"picked":"Singing Bowl","floor":35.0},{"not_picked":["Cloak And Dagger","Backflip","Dagger Throw+1"],"picked":"Concentrate+1","floor":36.0},{"not_picked":["Slice+1","Backflip","Cloak And Dagger+1"],"picked":"Prepared+1","floor":39.0},{"not_picked":["Malaise","Flechettes+1","Poisoned Stab+1","Deflect"],"picked":"Singing Bowl","floor":40.0},{"not_picked":["Well Laid Plans","Riddle With Holes+1","Dagger Spray+1"],"picked":"Prepared+1","floor":41},{"not_picked":["Catalyst","Skewer+1","Blade Dance"],"picked":"Underhanded Strike+1","floor":42},{"not_picked":["Grand Finale+1","Acrobatics","Dagger Spray+1"],"picked":"Escape Plan+1","floor":46},{"not_picked":["Dagger Spray+1","Dodge and Roll+1","Backstab+1","Flying Knee+1"],"picked":"Singing Bowl","floor":47},{"not_picked":["Outmaneuver","Deflect+1","Dash+1"],"picked":"Blade Dance+1","floor":54}],"player_experience":819168,"relics_obtained":[{"floor":7.0,"key":"Dream Catcher"},{"floor":9.0,"key":"Molten Egg 2"},{"floor":11.0,"key":"Tingsha"},{"floor":23.0,"key":"Paper Crane"},{"floor":23.0,"key":"Question Card"},{"floor":25.0,"key":"Smiling Mask"},{"floor":25.0,"key":"Dead Branch"},{"floor":26.0,"key":"PreservedInsect"},{"floor":30.0,"key":"Singing Bowl"},{"floor":30.0,"key":"Sundial"},{"floor":40.0,"key":"Pen Nib"},{"floor":40.0,"key":"Pear"},{"floor":42,"key":"Art of War"},{"floor":42,"key":"Strawberry"},{"floor":46,"key":"Ninja Scroll"},{"floor":46,"key":"Gremlin Horn"},{"floor":54,"key":"Bottled Tornado"},{"floor":54,"key":"Centennial Puzzle"}],"event_choices":[{"damage_healed":0.0,"max_hp_gain":0.0,"max_hp_loss":0.0,"gold_gain":0.0,"event_name":"Shining Light","player_choice":"Entered Light","floor":2.0,"gold_loss":0.0,"damage_taken":13.0,"cards_upgraded":["Strike_G","Defend_G"]},{"cards_removed":["Defend_G"],"damage_healed":0.0,"max_hp_gain":0.0,"max_hp_loss":0.0,"gold_gain":0.0,"event_name":"Golden Wing","player_choice":"Card Removal","floor":4.0,"gold_loss":0.0,"damage_taken":7.0},{"cards_removed":["Strike_G"],"damage_healed":0.0,"max_hp_gain":0.0,"max_hp_loss":0.0,"gold_gain":0.0,"event_name":"Bonfire Elementals","player_choice":"Offered Basic","floor":12.0,"gold_loss":0.0,"damage_taken":0.0},{"damage_healed":0.0,"max_hp_gain":0.0,"max_hp_loss":0.0,"gold_gain":0.0,"event_name":"Vampires","player_choice":"Ignored","floor":22.0,"gold_loss":0.0,"damage_taken":0.0},{"damage_healed":0.0,"max_hp_gain":0.0,"max_hp_loss":0.0,"gold_gain":0.0,"event_name":"Addict","player_choice":"Obtained Relic","floor":27.0,"gold_loss":85.0,"damage_taken":0.0,"relics_obtained":["Anchor"]},{"cards_removed":["Strike_G"],"damage_healed":0.0,"max_hp_gain":0.0,"max_hp_loss":0.0,"gold_gain":0.0,"event_name":"Falling","player_choice":"Removed Attack","floor":37.0,"gold_loss":0.0,"damage_taken":0.0},{"damage_healed":0.0,"max_hp_gain":0.0,"max_hp_loss":3.0,"gold_gain":0.0,"event_name":"Winding Halls","player_choice":"Max HP","floor":38.0,"gold_loss":0.0,"damage_taken":0.0},{"damage_healed":0,"gold_gain":0,"player_choice":"Ignored","damage_taken":0,"max_hp_gain":0,"max_hp_loss":0,"event_name":"Tomb of Lord Red Mask","floor":45,"gold_loss":0}],"is_beta":false,"boss_relics":[{"not_picked":["Astrolabe","Philosopher\u0027s Stone"],"picked":"Black Star"},{"not_picked":["Fusion Hammer","Runic Dome"],"picked":"SlaversCollar"}],"items_purged_floors":[48,53],"is_endless":false,"potions_floor_spawned":[1,3,8,11,16,20,21,29,30,36,41,42],"ascension_level":1}