{"gold_per_floor":[112,28,28,46,46,79,79,91,114,131,149,160,235,265,265,265],"floor_reached":16,"playtime":801,"items_purged":[],"score":274,"play_id":"89054fec-da3e-49aa-aa91-1006afdbfc46","local_time":"20220429115700","is_ascension_mode":true,"campfire_choices":[{"data":"Skewer","floor":7.0,"key":"SMITH"},{"data":"Noxious Fumes","floor":15.0,"key":"SMITH"}],"neow_cost":"NONE","seed_source_timestamp":213418993106793,"circlet_count":0,"master_deck":["AscendersBane","Strike_G","Strike_G","Strike_G","Strike_G","Defend_G","Defend_G","Defend_G","Defend_G","Defend_G","Survivor","Neutralize","Infinite Blades","Skewer+1","Poisoned Stab","Acrobatics","Noxious Fumes+1","Dash","Bouncing Flask"],"special_seed":0,"relics":["Ring of the Snake","NeowsBlessing","Snake Skull","Mummified Hand","Darkstone Periapt"],"potions_floor_usage":[16],"damage_taken":[{"damage":0.0,"enemies":"Cultist","floor":1.0,"turns":1.0},{"damage":0.0,"enemies":"2 Louse","floor":4.0,"turns":1.0},{"damage":0.0,"enemies":"3 Sentries","floor":6.0,"turns":1.0},{"damage":0.0,"enemies":"Jaw Worm","floor":8.0,"turns":3.0},{"damage":3.0,"enemies":"Blue Slaver","floor":10.0,"turns":4.0},{"damage":0.0,"enemies":"Red Slaver","floor":11.0,"turns":3.0},{"damage":8.0,"enemies":"Large Slime","floor":12.0,"turns":5.0},{"damage":1.0,"enemies":"Gremlin Nob","floor":14.0,"turns":4.0},{"damage":40,"enemies":"The Guardian","floor":16,"turns":8}],"seed_played":"3242458746969432560","potions_obtained":[{"floor":1.0,"key":"Strength Potion"},{"floor":8.0,"key":"DistilledChaos"},{"floor":11.0,"key":"PowerPotion"},{"floor":14.0,"key":"Regen Potion"}],"is_trial":false,"path_per_floor":["M","$","?","M","?","E","R","M","T","M","M","M","?","E","R","B"],"character_chosen":"THE_SILENT","items_purchased":["Skewer"],"campfire_rested":0,"item_purchase_floors":[2],"current_hp_per_floor":[59,59,48,48,48,48,48,48,48,45,45,37,26,25,25,0],"gold":265,"neow_bonus":"THREE_ENEMY_KILL","is_prod":false,"is_daily":false,"chose_seed":false,"campfire_upgraded":2,"win_rate":0,"timestamp":1651251420,"path_taken":["M","$","?","M","?","E","R","M","T","M","M","?","?","E","R","BOSS"],"build_version":"2022-03-07","purchased_purges":0,"victory":false,"max_hp_per_floor":[66,66,66,66,66,66,66,66,66,66,66,66,66,66,66,66],"relic_stats":{"Darkstone Periapt":0,"counters":[9,30],"Mummified Hand":[12],"Snake Skull":[31],"obtain_stats":[{"Darkstone Periapt":14,"NeowsBlessing":0,"Mummified Hand":6,"Snake Skull":3,"Ring of the Snake":0},{"Darkstone Periapt":8,"NeowsBlessing":0,"Mummified Hand":3,"Snake Skull":1,"Ring of the Snake":0},{"Darkstone Periapt":22,"NeowsBlessing":0,"Mummified Hand":3,"Snake Skull":1,"Ring of the Snake":0}],"Ring of the Snake":[18]},"card_choices":[{"not_picked":["Deflect","Dodge and Roll"],"picked":"Infinite Blades","floor":1.0},{"not_picked":["Deadly Poison","Tactician"],"picked":"Poisoned Stab","floor":4.0},{"not_picked":["Tactician","Footwork"],"picked":"Noxious Fumes","floor":6.0},{"not_picked":["Choke","Prepared"],"picked":"Dash","floor":8.0},{"not_picked":["Deflect","Setup","Blade Dance"],"picked":"SKIP","floor":10.0},{"not_picked":["Accuracy","Dodge and Roll"],"picked":"Bouncing Flask","floor":11.0},{"not_picked":["Bane","Quick Slash","Flying Knee"],"picked":"SKIP","floor":12.0},{"not_picked":["Infinite Blades","Sucker Punch","Dagger Throw"],"picked":"SKIP","floor":14.0}],"player_experience":880849,"relics_obtained":[{"floor":6.0,"key":"Mummified Hand"},{"floor":14.0,"key":"Darkstone Periapt"}],"event_choices":[{"damage_healed":0.0,"max_hp_gain":0.0,"max_hp_loss":0.0,"gold_gain":0.0,"event_name":"Scrap Ooze","player_choice":"Success","floor":3.0,"gold_loss":0.0,"damage_taken":11.0,"relics_obtained":["Snake Skull"]},{"damage_healed":0.0,"max_hp_gain":0.0,"max_hp_loss":0.0,"gold_gain":0.0,"cards_transformed":["Strike_G"],"event_name":"Transmorgrifier","player_choice":"Transformed","floor":5.0,"gold_loss":0.0,"damage_taken":0.0,"cards_obtained":["Acrobatics"]},{"damage_healed":0.0,"max_hp_gain":0.0,"max_hp_loss":0.0,"gold_gain":75.0,"event_name":"World of Goop","player_choice":"Gather Gold","floor":13.0,"gold_loss":0.0,"damage_taken":11.0}],"is_beta":false,"boss_relics":[],"items_purged_floors":[],"is_endless":false,"potions_floor_spawned":[1,8,11,14],"killed_by":"The Guardian","ascension_level":20}