{"gold_per_floor":[113,127,140,140,65,109,109,109],"floor_reached":8,"playtime":1823,"items_purged":[],"score":112,"play_id":"d1a94240-8858-4e6c-8450-5b292c74c5d7","local_time":"20220430031430","is_ascension_mode":true,"campfire_choices":[{"floor":7,"key":"REST"}],"neow_cost":"NONE","seed_source_timestamp":0,"circlet_count":0,"master_deck":["AscendersBane","Strike_G","Strike_G","Strike_G","Strike_G","Strike_G","Defend_G","Defend_G","Defend_G","Defend_G","Survivor","Neutralize","Predator","Cloak And Dagger","Dash","Leg Sweep"],"special_seed":0,"relics":["Ring of the Snake","Regal Pillow","Golden Idol","Centennial Puzzle"],"potions_floor_usage":[8],"damage_taken":[{"damage":0.0,"enemies":"2 Louse","floor":1.0,"turns":3.0},{"damage":3.0,"enemies":"Jaw Worm","floor":2.0,"turns":4.0},{"damage":1.0,"enemies":"Cultist","floor":3.0,"turns":5.0},{"damage":39.0,"enemies":"Gremlin Nob","floor":6.0,"turns":5.0},{"damage":17,"enemies":"Lagavulin","floor":8,"turns":7}],"seed_played":"-396183695968619443","potions_obtained":[{"floor":1.0,"key":"PowerPotion"},{"floor":2.0,"key":"Swift Potion"}],"is_trial":false,"path_per_floor":["M","M","M","?","?","E","R","E"],"character_chosen":"THE_SILENT","items_purchased":[],"campfire_rested":1,"item_purchase_floors":[],"current_hp_per_floor":[59,56,55,55,55,16,49,32],"gold":109,"neow_bonus":"RANDOM_COMMON_RELIC","is_prod":false,"is_daily":false,"chose_seed":false,"campfire_upgraded":0,"win_rate":0,"timestamp":1651306470,"path_taken":["M","M","M","?","?","E","R","E"],"build_version":"2022-03-07","purchased_purges":0,"victory":false,"max_hp_per_floor":[66,66,66,60,60,60,60,60],"relic_stats":{"Regal Pillow":15,"Centennial Puzzle":[3],"counters":[5,24],"Golden Idol":18,"obtain_stats":[{"Regal Pillow":0,"Centennial Puzzle":6,"Golden Idol":4,"Ring of the Snake":0},{"Regal Pillow":0,"Centennial Puzzle":4,"Golden Idol":3,"Ring of the Snake":0},{"Regal Pillow":0,"Centennial Puzzle":17,"Golden Idol":12,"Ring of the Snake":0}],"Ring of the Snake":[10]},"card_choices":[{"not_picked":["Prepared","PiercingWail"],"picked":"Predator","floor":1.0},{"not_picked":["Endless Agony","Deflect"],"picked":"Cloak And Dagger","floor":2.0},{"not_picked":["Envenom","Slice"],"picked":"Dash","floor":3.0},{"not_picked":["Envenom","Choke"],"picked":"Leg Sweep","floor":6}],"player_experience":892057,"relics_obtained":[{"floor":6,"key":"Centennial Puzzle"}],"event_choices":[{"damage_healed":0.0,"max_hp_gain":0.0,"max_hp_loss":6.0,"gold_gain":0.0,"event_name":"Golden Idol","player_choice":"Lose Max HP","floor":4.0,"gold_loss":0.0,"damage_taken":0.0,"relics_obtained":["Golden Idol"]},{"cards_removed":["Defend_G"],"damage_healed":0.0,"max_hp_gain":0.0,"max_hp_loss":0.0,"gold_gain":0.0,"event_name":"The Cleric","player_choice":"Card Removal","floor":5.0,"gold_loss":75.0,"damage_taken":0.0}],"is_beta":false,"boss_relics":[],"items_purged_floors":[],"is_endless":false,"potions_floor_spawned":[1,2],"killed_by":"Lagavulin","ascension_level":20}