{"gold_per_floor":[111,111,121,137,152,152,164,178,178,213,226,94,94,127,127,199,199,214,227,227,237,251,251,251,268,268,268],"floor_reached":27,"playtime":2191,"items_purged":["Defend_G"],"score":508,"play_id":"86812026-b894-4054-8253-a5acf63e5299","local_time":"20220526124602","is_ascension_mode":true,"campfire_choices":[{"data":"Neutralize","floor":6.0,"key":"SMITH"},{"data":"Noxious Fumes","floor":13.0,"key":"SMITH"},{"data":"Concentrate","floor":15.0,"key":"SMITH"},{"floor":23.0,"key":"REST"}],"neow_cost":"NONE","seed_source_timestamp":90555596904756,"circlet_count":0,"master_deck":["AscendersBane","Strike_G","Strike_G","Strike_G","Strike_G","Strike_G","Defend_G","Defend_G","Defend_G","Defend_G","Survivor","Neutralize+1","Cloak And Dagger","Acrobatics","Backstab","Backflip","Noxious Fumes+1","Deadly Poison","Doppelganger","Well Laid Plans+1","Catalyst","Acrobatics","Predator","Die Die Die","Terror"],"special_seed":0,"relics":["Ring of the Snake","Art of War","Vajra","Bronze Scales","Fusion Hammer"],"potions_floor_usage":[27,27],"damage_taken":[{"damage":7.0,"enemies":"Small Slimes","floor":1.0,"turns":6.0},{"damage":3.0,"enemies":"Cultist","floor":3.0,"turns":5.0},{"damage":0.0,"enemies":"Jaw Worm","floor":4.0,"turns":7.0},{"damage":2.0,"enemies":"Blue Slaver","floor":5.0,"turns":3.0},{"damage":0.0,"enemies":"Gremlin Gang","floor":7.0,"turns":2.0},{"damage":2.0,"enemies":"Exordium Wildlife","floor":8.0,"turns":9.0},{"damage":0.0,"enemies":"Gremlin Nob","floor":10.0,"turns":3.0},{"damage":6.0,"enemies":"Large Slime","floor":11.0,"turns":8.0},{"damage":13.0,"enemies":"3 Sentries","floor":14.0,"turns":7.0},{"damage":11.0,"enemies":"Slime Boss","floor":16.0,"turns":7.0},{"damage":6.0,"enemies":"Spheric Guardian","floor":18.0,"turns":5.0},{"damage":6.0,"enemies":"3 Byrds","floor":19.0,"turns":2.0},{"damage":14.0,"enemies":"Cultist and Chosen","floor":21.0,"turns":5.0},{"damage":6.0,"enemies":"Chosen and Byrds","floor":22.0,"turns":7.0},{"damage":12,"enemies":"3 Cultists","floor":25,"turns":5},{"damage":12,"enemies":"Gremlin Leader","floor":27,"turns":1}],"seed_played":"8124290761828056286","potions_obtained":[{"floor":2.0,"key":"Poison Potion"},{"floor":2.0,"key":"Explosive Potion"},{"floor":8.0,"key":"GamblersBrew"},{"floor":14.0,"key":"LiquidMemories"},{"floor":18.0,"key":"LiquidBronze"},{"floor":25,"key":"SteroidPotion"}],"is_trial":false,"path_per_floor":["M","?","M","M","M","R","M","M","T","E","M","$","R","E","R","B",null,"M","M","?","M","M","R","?","M","T","E"],"character_chosen":"THE_SILENT","items_purchased":["Deadly Poison"],"campfire_rested":1,"item_purchase_floors":[12],"current_hp_per_floor":[52,52,49,49,47,47,47,45,45,45,39,39,39,26,26,15,53,47,41,23,9,3,24,24,12,12,0],"gold":268,"neow_bonus":"ONE_RANDOM_RARE_CARD","is_prod":false,"is_daily":false,"chose_seed":false,"campfire_upgraded":3,"win_rate":0,"timestamp":1653587162,"path_taken":["M","?","M","M","M","R","M","?","T","E","M","$","R","E","R","BOSS","M","M","?","M","M","R","?","M","T","E"],"build_version":"2022-03-07","purchased_purges":1,"victory":false,"max_hp_per_floor":[66,66,66,66,66,66,66,66,66,66,66,66,66,66,66,66,66,66,66,71,71,71,71,71,71,71,71],"relic_stats":{"counters":[16,82],"Bronze Scales":[138],"Art of War":[6],"obtain_stats":[{"Bronze Scales":14,"Vajra":10,"Fusion Hammer":17,"Art of War":9,"Ring of the Snake":0},{"Bronze Scales":9,"Vajra":7,"Fusion Hammer":10,"Art of War":6,"Ring of the Snake":0},{"Bronze Scales":50,"Vajra":35,"Fusion Hammer":57,"Art of War":32,"Ring of the Snake":0}],"Ring of the Snake":[32]},"card_choices":[{"not_picked":["Bane","Flechettes"],"picked":"Cloak And Dagger","floor":1.0},{"not_picked":["Dodge and Roll","Sucker Punch"],"picked":"Acrobatics","floor":3.0},{"not_picked":["Blur","Finisher"],"picked":"Backstab","floor":4.0},{"not_picked":["Quick Slash","Predator"],"picked":"Concentrate","floor":5.0},{"not_picked":["Bouncing Flask","Riddle With Holes"],"picked":"Backflip","floor":7.0},{"not_picked":["Acrobatics","Blur","Deflect"],"picked":"SKIP","floor":8.0},{"not_picked":["Deflect","Masterful Stab"],"picked":"Noxious Fumes","floor":10.0},{"not_picked":["Expertise","Slice","Grand Finale"],"picked":"SKIP","floor":11.0},{"not_picked":["Heel Hook","Dagger Throw","Dodge and Roll"],"picked":"SKIP","floor":14.0},{"not_picked":["Storm of Steel","Envenom"],"picked":"Doppelganger","floor":16.0},{"not_picked":["Dodge and Roll","Eviscerate"],"picked":"Well Laid Plans+1","floor":18.0},{"not_picked":["Deflect","Flying Knee"],"picked":"Catalyst","floor":19.0},{"not_picked":["Flying Knee","Terror"],"picked":"Acrobatics","floor":21.0},{"not_picked":["Tools of the Trade","Dagger Spray+1","Riddle With Holes"],"picked":"SKIP","floor":22.0},{"not_picked":["Bane","Flying Knee"],"picked":"Terror","floor":25}],"player_experience":929877,"relics_obtained":[{"floor":9.0,"key":"Art of War"},{"floor":10.0,"key":"Vajra"},{"floor":14.0,"key":"Bronze Scales"}],"event_choices":[{"damage_healed":0.0,"max_hp_gain":0.0,"max_hp_loss":0.0,"gold_gain":0.0,"event_name":"Lab","player_choice":"Got Potions","floor":2.0,"gold_loss":0.0,"damage_taken":0.0},{"damage_healed":0.0,"max_hp_gain":5.0,"max_hp_loss":0.0,"gold_gain":0.0,"event_name":"Forgotten Altar","player_choice":"Shed Blood","floor":20.0,"gold_loss":0.0,"damage_taken":23.0},{"damage_healed":0,"gold_gain":0,"cards_transformed":["Grand Finale","Concentrate"],"player_choice":"Became Test Subject","damage_taken":0,"max_hp_gain":0,"max_hp_loss":0,"event_name":"Drug Dealer","floor":24,"gold_loss":0,"cards_obtained":["Predator","Die Die Die"]}],"is_beta":false,"boss_relics":[{"not_picked":["Busted Crown","Cursed Key"],"picked":"Fusion Hammer"}],"items_purged_floors":[12],"is_endless":false,"potions_floor_spawned":[3,8,14,18,19,25],"killed_by":"Gremlin Leader","ascension_level":20}