{"gold_per_floor":[118,129,129,179,189,189,217,217,269,282,317,317,120,133,133,210,210,224,224,274,26,107,107,157,169,169,201,201,351,401,451,451,522,522,534,547,648,698,278,305,355,380,380,380,110,143,154,249,249,249,249,249,249,124,149,149],"floor_reached":57,"playtime":4517,"items_purged":["Defend_G","Pain","Strike_G"],"score":2974,"play_id":"20ed554e-f4d1-40f7-a740-ed395e0cb3df","local_time":"20220530210843","is_ascension_mode":true,"campfire_choices":[{"data":"Bouncing Flask","floor":6.0,"key":"SMITH"},{"floor":8.0,"key":"REST"},{"data":"Catalyst","floor":15.0,"key":"SMITH"},{"data":"Adrenaline","floor":23.0,"key":"SMITH"},{"data":"Wraith Form v2","floor":28.0,"key":"SMITH"},{"data":"Well Laid Plans","floor":32.0,"key":"SMITH"},{"data":"Wraith Form v2","floor":44.0,"key":"SMITH"},{"floor":49.0,"key":"RECALL"},{"data":"Caltrops","floor":53,"key":"SMITH"}],"neow_cost":"NONE","seed_source_timestamp":0,"circlet_count":0,"master_deck":["AscendersBane","Strike_G","Defend_G","Defend_G","Defend_G","Survivor","Neutralize","Flash of Steel","Leg Sweep","Bouncing Flask+1","PiercingWail","Bane","Catalyst+1","Leg Sweep","Adrenaline+1","Glass Knife","Backflip+1","Bouncing Flask","Well Laid Plans+1","Deadly Poison","Wraith Form v2+1","Wraith Form v2+1","Caltrops+1","PiercingWail","PiercingWail+1","Terror"],"special_seed":0,"relics":["Ring of the Snake","Juzu Bracelet","Oddly Smooth Stone","Lantern","SsserpentHead","Toolbox","Coffee Dripper","ClockworkSouvenir","Red Mask","Orichalcum","Tingsha","White Beast Statue","MutagenicStrength","WarpedTongs","Empty Cage","Turnip","Mango","Centennial Puzzle","Paper Crane","Pocketwatch","Mummified Hand","The Specimen","Pear"],"potions_floor_usage":[55,56,56],"damage_taken":[{"damage":3.0,"enemies":"2 Louse","floor":1.0,"turns":3.0},{"damage":7.0,"enemies":"Jaw Worm","floor":2.0,"turns":5.0},{"damage":4.0,"enemies":"Cultist","floor":5.0,"turns":3.0},{"damage":30.0,"enemies":"3 Sentries","floor":7.0,"turns":10.0},{"damage":2.0,"enemies":"Red Slaver","floor":10.0,"turns":3.0},{"damage":18.0,"enemies":"Lagavulin","floor":11.0,"turns":6.0},{"damage":0.0,"enemies":"2 Fungi Beasts","floor":14.0,"turns":2.0},{"damage":0.0,"enemies":"The Guardian","floor":16.0,"turns":9.0},{"damage":0.0,"enemies":"Spheric Guardian","floor":18.0,"turns":4.0},{"damage":0.0,"enemies":"Masked Bandits","floor":22.0,"turns":5.0},{"damage":0.0,"enemies":"2 Thieves","floor":25.0,"turns":4.0},{"damage":2.0,"enemies":"Slavers","floor":27.0,"turns":3.0},{"damage":0.0,"enemies":"Colosseum Slavers","floor":29.0,"turns":3.0},{"damage":0.0,"enemies":"Colosseum Nobs","floor":29.0,"turns":4.0},{"damage":25.0,"enemies":"Automaton","floor":33.0,"turns":5.0},{"damage":2.0,"enemies":"Orb Walker","floor":35.0,"turns":3.0},{"damage":4.0,"enemies":"3 Darklings","floor":36.0,"turns":8.0},{"damage":23.0,"enemies":"2 Orb Walkers","floor":37.0,"turns":5.0},{"damage":0.0,"enemies":"Nemesis","floor":40.0,"turns":5.0},{"damage":0.0,"enemies":"Giant Head","floor":42.0,"turns":8.0},{"damage":0.0,"enemies":"Nemesis","floor":46.0,"turns":5.0},{"damage":0.0,"enemies":"Spire Growth","floor":47.0,"turns":4.0},{"damage":5.0,"enemies":"4 Shapes","floor":48.0,"turns":17.0},{"damage":12.0,"enemies":"Awakened One","floor":50.0,"turns":16.0},{"damage":8,"enemies":"Time Eater","floor":51,"turns":9},{"damage":26,"enemies":"Shield and Spear","floor":55,"turns":6},{"damage":32,"enemies":"The Heart","floor":56,"turns":10}],"seed_played":"-3746461528921798153","potions_obtained":[{"floor":5.0,"key":"FearPotion"},{"floor":7.0,"key":"Block Potion"},{"floor":14.0,"key":"FearPotion"},{"floor":16.0,"key":"SteroidPotion"},{"floor":27.0,"key":"Poison Potion"},{"floor":29.0,"key":"AttackPotion"},{"floor":33.0,"key":"Dexterity Potion"},{"floor":37.0,"key":"Fire Potion"},{"floor":40.0,"key":"Block Potion"},{"floor":42.0,"key":"SteroidPotion"},{"floor":47.0,"key":"EntropicBrew"},{"floor":48.0,"key":"Weak Potion"},{"floor":55,"key":"Dexterity Potion"}],"is_trial":false,"path_per_floor":["M","M","?","?","M","R","E","R","T","M","E","?","$","M","R","B",null,"M","$","?","$","?","R","?","M","T","E","R","?","?","?","R","B",null,"M","M","?","?","$","E","?","E","T","R","$","E","M","M","R","B","B",null,"R","$","E","B",null],"character_chosen":"THE_SILENT","items_purchased":["Toolbox","ClockworkSouvenir","Well Laid Plans","Mango","Mummified Hand"],"campfire_rested":1,"item_purchase_floors":[13,21,21,39,45],"current_hp_per_floor":[56,49,49,49,45,45,15,34,34,32,14,14,14,14,14,14,53,53,53,53,53,53,53,53,53,53,51,51,51,51,51,51,26,56,54,50,27,27,41,41,41,41,41,41,41,41,41,36,36,24,16,64,64,64,48,16],"gold":149,"neow_bonus":"RANDOM_COLORLESS","is_prod":false,"is_daily":false,"chose_seed":false,"campfire_upgraded":7,"win_rate":0,"timestamp":1653962923,"path_taken":["M","M","?","?","M","R","E","R","T","M","E","?","?","M","R","BOSS","M","$","?","$","?","R","?","M","T","E","R","?","?","?","R","BOSS","M","M","?","?","$","E","?","E","T","R","$","E","M","M","R","BOSS","BOSS","R","$","E","BOSS"],"build_version":"2022-03-07","purchased_purges":3,"victory":true,"max_hp_per_floor":[66,66,66,66,66,66,66,66,66,66,66,66,66,66,66,66,66,66,66,66,66,66,66,66,66,66,66,66,66,66,66,66,66,66,66,66,66,66,80,80,80,80,80,80,80,80,80,80,80,80,80,80,80,80,90,90],"relic_stats":{"The Specimen":[32],"counters":[27,165],"Tingsha":[24],"Juzu Bracelet":2,"Orichalcum":[270],"White Beast Statue":[0.0,0.0,0.0,0.4,0.0,0.6000000000000001,0.0,0.0,0.0,0.0,0.0,4.583886080000002],"WarpedTongs":[95],"SsserpentHead":500,"Centennial Puzzle":[15],"Mummified Hand":[36],"Turnip":[4],"obtain_stats":[{"Lantern":11,"Pear":55,"The Specimen":46,"Oddly Smooth Stone":9,"Tingsha":29,"Mango":39,"Juzu Bracelet":7,"Orichalcum":27,"Paper Crane":42,"Empty Cage":34,"White Beast Statue":29,"ClockworkSouvenir":21,"WarpedTongs":31,"SsserpentHead":12,"Centennial Puzzle":40,"Mummified Hand":45,"MutagenicStrength":30,"Toolbox":13,"Turnip":37,"Coffee Dripper":17,"Red Mask":22,"Ring of the Snake":0,"Pocketwatch":43},{"Lantern":6,"Pear":26,"The Specimen":21,"Oddly Smooth Stone":4,"Tingsha":14,"Mango":18,"Juzu Bracelet":4,"Orichalcum":12,"Paper Crane":20,"Empty Cage":15,"White Beast Statue":14,"ClockworkSouvenir":9,"WarpedTongs":14,"SsserpentHead":6,"Centennial Puzzle":19,"Mummified Hand":20,"MutagenicStrength":14,"Toolbox":6,"Turnip":18,"Coffee Dripper":8,"Red Mask":10,"Ring of the Snake":0,"Pocketwatch":20},{"Lantern":30,"Pear":155,"The Specimen":103,"Oddly Smooth Stone":21,"Tingsha":64,"Mango":85,"Juzu Bracelet":21,"Orichalcum":57,"Paper Crane":98,"Empty Cage":69,"White Beast Statue":64,"ClockworkSouvenir":45,"WarpedTongs":64,"SsserpentHead":30,"Centennial Puzzle":90,"Mummified Hand":98,"MutagenicStrength":64,"Toolbox":30,"Turnip":85,"Coffee Dripper":41,"Red Mask":50,"Ring of the Snake":0,"Pocketwatch":98}],"Ring of the Snake":[54],"Pocketwatch":[101]},"card_choices":[{"not_picked":["Deep Breath","Dark Shackles"],"picked":"Flash of Steel","floor":0.0},{"not_picked":["Skewer","Sucker Punch"],"picked":"Leg Sweep","floor":1.0},{"not_picked":["Outmaneuver","Escape Plan"],"picked":"Bouncing Flask","floor":2.0},{"not_picked":["Underhanded Strike","Flechettes"],"picked":"PiercingWail","floor":5.0},{"not_picked":["PiercingWail","Slice"],"picked":"Bane","floor":7.0},{"not_picked":["Acrobatics","Dagger Throw"],"picked":"Catalyst","floor":10.0},{"not_picked":["Flechettes","Quick Slash"],"picked":"Leg Sweep","floor":11.0},{"not_picked":["Prepared","Deflect"],"picked":"Adrenaline","floor":14.0},{"not_picked":["After Image","Unload"],"picked":"Glass Knife","floor":16.0},{"not_picked":["Dodge and Roll+1","Quick Slash"],"picked":"Backflip+1","floor":18.0},{"not_picked":["Dodge and Roll","Distraction"],"picked":"Deadly Poison","floor":22.0},{"not_picked":["Finisher","Sucker Punch","Masterful Stab"],"picked":"SKIP","floor":25.0},{"not_picked":["PiercingWail","Expertise"],"picked":"Wraith Form v2","floor":27.0},{"not_picked":["Malaise","Grand Finale"],"picked":"Wraith Form v2","floor":33.0},{"not_picked":["Terror","All Out Attack"],"picked":"PiercingWail","floor":35.0},{"not_picked":["Underhanded Strike","All Out Attack+1"],"picked":"Caltrops","floor":36.0},{"not_picked":["Crippling Poison","Dagger Throw+1"],"picked":"PiercingWail","floor":40.0},{"not_picked":["Predator","Poisoned Stab","Concentrate"],"picked":"SKIP","floor":42.0},{"not_picked":["Dodge and Roll","Prepared+1"],"picked":"PiercingWail+1","floor":46.0},{"not_picked":["Expertise","Blur","Deflect"],"picked":"SKIP","floor":47.0},{"not_picked":["Slice","Flechettes","Deflect"],"picked":"SKIP","floor":48.0},{"not_picked":["Skewer","All Out Attack"],"picked":"Terror","floor":55}],"player_experience":963562,"relics_obtained":[{"floor":7.0,"key":"Juzu Bracelet"},{"floor":9.0,"key":"Oddly Smooth Stone"},{"floor":11.0,"key":"Lantern"},{"floor":22.0,"key":"Red Mask"},{"floor":27.0,"key":"Orichalcum"},{"floor":29.0,"key":"Tingsha"},{"floor":29.0,"key":"White Beast Statue"},{"floor":37.0,"key":"Turnip"},{"floor":40.0,"key":"Centennial Puzzle"},{"floor":42.0,"key":"Paper Crane"},{"floor":43.0,"key":"Pocketwatch"},{"floor":46.0,"key":"The Specimen"},{"floor":55,"key":"Pear"}],"event_choices":[{"cards_removed":["Defend_G"],"damage_healed":0.0,"max_hp_gain":0.0,"max_hp_loss":0.0,"gold_gain":0.0,"event_name":"Living Wall","player_choice":"Forget","floor":3.0,"gold_loss":0.0,"damage_taken":0.0},{"damage_healed":0.0,"max_hp_gain":0.0,"max_hp_loss":0.0,"gold_gain":50.0,"event_name":"Golden Shrine","player_choice":"Pray","floor":4.0,"gold_loss":0.0,"damage_taken":0.0},{"damage_healed":0.0,"max_hp_gain":0.0,"max_hp_loss":0.0,"gold_gain":0.0,"event_name":"FaceTrader","player_choice":"Trade","floor":12.0,"gold_loss":0.0,"damage_taken":0.0,"relics_obtained":["SsserpentHead"]},{"damage_healed":0.0,"max_hp_gain":0.0,"max_hp_loss":0.0,"gold_gain":0.0,"cards_transformed":["Strike_G"],"event_name":"Transmorgrifier","player_choice":"Transformed","floor":20.0,"gold_loss":0.0,"damage_taken":0.0,"cards_obtained":["Bouncing Flask"]},{"damage_healed":0.0,"max_hp_gain":0.0,"max_hp_loss":0.0,"gold_gain":0.0,"event_name":"Masked Bandits","player_choice":"Fought Bandits","floor":22.0,"gold_loss":0.0,"damage_taken":0.0},{"damage_healed":0.0,"max_hp_gain":0.0,"max_hp_loss":0.0,"gold_gain":0.0,"event_name":"Vampires","player_choice":"Ignored","floor":24.0,"gold_loss":0.0,"damage_taken":0.0},{"damage_healed":0.0,"max_hp_gain":0.0,"max_hp_loss":0.0,"gold_gain":0.0,"event_name":"Colosseum","player_choice":"Fight","floor":29.0,"gold_loss":0.0,"damage_taken":0.0},{"damage_healed":0.0,"max_hp_gain":0.0,"max_hp_loss":0.0,"gold_gain":0.0,"event_name":"Colosseum","player_choice":"Fought Nobs","floor":29.0,"gold_loss":0.0,"damage_taken":0.0},{"damage_healed":0.0,"max_hp_gain":0.0,"max_hp_loss":0.0,"gold_gain":0.0,"event_name":"Drug Dealer","player_choice":"Inject Mutagens","floor":30.0,"gold_loss":0.0,"damage_taken":0.0,"relics_obtained":["MutagenicStrength"]},{"damage_healed":0.0,"max_hp_gain":0.0,"max_hp_loss":0.0,"gold_gain":0.0,"event_name":"Accursed Blacksmith","player_choice":"Rummage","floor":31.0,"gold_loss":0.0,"damage_taken":0.0,"relics_obtained":["WarpedTongs"],"cards_obtained":["Pain"]},{"damage_healed":0.0,"max_hp_gain":0.0,"max_hp_loss":0.0,"gold_gain":0.0,"event_name":"Mysterious Sphere","player_choice":"Fight","floor":37.0,"gold_loss":0.0,"damage_taken":0.0},{"damage_healed":0.0,"max_hp_gain":0.0,"max_hp_loss":0.0,"gold_gain":0.0,"event_name":"The Moai Head","player_choice":"Ignored","floor":38.0,"gold_loss":0.0,"damage_taken":0.0},{"cards_removed":["PiercingWail"],"damage_healed":0.0,"max_hp_gain":0.0,"max_hp_loss":0.0,"gold_gain":0.0,"event_name":"Falling","player_choice":"Removed Skill","floor":41.0,"gold_loss":0.0,"damage_taken":0.0}],"is_beta":false,"boss_relics":[{"not_picked":["Velvet Choker","Pandora\u0027s Box"],"picked":"Coffee Dripper"},{"not_picked":["Calling Bell","Fusion Hammer"],"picked":"Empty Cage"}],"items_purged_floors":[13,39,54],"is_endless":false,"potions_floor_spawned":[5,7,14,16,27,29,33,35,36,37,40,42,46,47,48,55],"ascension_level":20}