{"gold_per_floor":[111,111,126,146,157,157,157,183,210,210,3,14,41,51,51,125,125,140,65,65,81,91,91,121,121,121,151,151,151,177,193,193,267,267,279,279,291,291,304,339,339,358,384,403,432,450,475,500,500,500,500,500,500,61,91,91],"floor_reached":56,"playtime":4806,"items_purged":["Strike_G","Strike_G+1"],"score":2114,"play_id":"a817a65f-9957-4b0b-afed-aa1e617ffe4c","local_time":"20220623200100","is_ascension_mode":true,"campfire_choices":[{"data":"Crippling Poison","floor":7.0,"key":"SMITH"},{"data":"Catalyst","floor":10.0,"key":"SMITH"},{"data":"Bouncing Flask","floor":15.0,"key":"SMITH"},{"data":"Malaise","floor":23.0,"key":"SMITH"},{"data":"Leg Sweep","floor":25.0,"key":"SMITH"},{"data":"PiercingWail","floor":28.0,"key":"SMITH"},{"data":"Malaise","floor":32.0,"key":"SMITH"},{"data":"Corpse Explosion","floor":41.0,"key":"SMITH"},{"floor":49.0,"key":"RECALL"},{"data":"Well Laid Plans","floor":53.0,"key":"SMITH"}],"neow_cost":"NONE","seed_source_timestamp":0,"circlet_count":0,"master_deck":["AscendersBane","Defend_G","Defend_G","Survivor","Neutralize","Flying Knee+1","Crippling Poison+1","Bane","Poisoned Stab","Bouncing Flask+1","Catalyst+1","Leg Sweep+1","PiercingWail+1","Malaise+1","Prepared+1","Burst+1","Backflip+1","PiercingWail","Die Die Die","Malaise+1","Corpse Explosion+1","Thinking Ahead","Finesse","Calculated Gamble+1","PiercingWail+1","Well Laid Plans+1","Night Terror"],"special_seed":0,"relics":["Ring of the Snake","Toy Ornithopter","Toolbox","Bag of Marbles","Astrolabe","Nloth\u0027s Gift","Shuriken","White Beast Statue","Omamori","Paper Crane","SlaversCollar","Juzu Bracelet","Whetstone","Sundial","Pocketwatch","Question Card","Bag of Preparation","Cauldron","Pear"],"potions_floor_usage":[],"damage_taken":[{"damage":0.0,"enemies":"2 Louse","floor":1.0,"turns":4.0},{"damage":0.0,"enemies":"Cultist","floor":3.0,"turns":4.0},{"damage":2.0,"enemies":"Small Slimes","floor":4.0,"turns":3.0},{"damage":12.0,"enemies":"Red Slaver","floor":5.0,"turns":4.0},{"damage":15.0,"enemies":"Lagavulin","floor":8.0,"turns":6.0},{"damage":0.0,"enemies":"3 Louse","floor":12.0,"turns":3.0},{"damage":14.0,"enemies":"Gremlin Nob","floor":13.0,"turns":3.0},{"damage":0.0,"enemies":"Gremlin Gang","floor":14.0,"turns":4.0},{"damage":0.0,"enemies":"Slime Boss","floor":16.0,"turns":7.0},{"damage":7.0,"enemies":"Shell Parasite","floor":18.0,"turns":5.0},{"damage":0.0,"enemies":"3 Byrds","floor":21.0,"turns":3.0},{"damage":9.0,"enemies":"Shelled Parasite and Fungi","floor":22.0,"turns":7.0},{"damage":12.0,"enemies":"Slavers","floor":24.0,"turns":5.0},{"damage":3.0,"enemies":"Gremlin Leader","floor":27.0,"turns":5.0},{"damage":2.0,"enemies":"Book of Stabbing","floor":30.0,"turns":6.0},{"damage":1.0,"enemies":"Centurion and Healer","floor":31.0,"turns":6.0},{"damage":12.0,"enemies":"Champ","floor":33.0,"turns":9.0},{"damage":0.0,"enemies":"3 Darklings","floor":35.0,"turns":2.0},{"damage":1.0,"enemies":"Orb Walker","floor":37.0,"turns":4.0},{"damage":7.0,"enemies":"4 Shapes","floor":39.0,"turns":5.0},{"damage":14.0,"enemies":"Giant Head","floor":40.0,"turns":7.0},{"damage":0.0,"enemies":"Jaw Worm Horde","floor":42.0,"turns":2.0},{"damage":1.0,"enemies":"Transient","floor":44.0,"turns":6.0},{"damage":9.0,"enemies":"Nemesis","floor":45.0,"turns":5.0},{"damage":3.0,"enemies":"Writhing Mass","floor":46.0,"turns":7.0},{"damage":2.0,"enemies":"Mind Bloom Boss Battle","floor":47.0,"turns":4.0},{"damage":18.0,"enemies":"Giant Head","floor":48.0,"turns":7.0},{"damage":29.0,"enemies":"Awakened One","floor":50.0,"turns":13.0},{"damage":6.0,"enemies":"Donu and Deca","floor":51.0,"turns":6.0},{"damage":9.0,"enemies":"Shield and Spear","floor":55.0,"turns":5.0},{"damage":0,"enemies":"The Heart","floor":56,"turns":1}],"seed_played":"-7596575040859516691","potions_obtained":[{"floor":3.0,"key":"AttackPotion"},{"floor":5.0,"key":"SpeedPotion"},{"floor":13.0,"key":"Strength Potion"},{"floor":18.0,"key":"DuplicationPotion"},{"floor":24.0,"key":"Energy Potion"},{"floor":27.0,"key":"DuplicationPotion"},{"floor":30.0,"key":"PowerPotion"},{"floor":31.0,"key":"Explosive Potion"},{"floor":33.0,"key":"LiquidMemories"},{"floor":35.0,"key":"CunningPotion"},{"floor":37.0,"key":"GhostInAJar"},{"floor":39.0,"key":"Poison Potion"},{"floor":40.0,"key":"SteroidPotion"},{"floor":42.0,"key":"Block Potion"},{"floor":44.0,"key":"AttackPotion"},{"floor":45.0,"key":"Ancient Potion"},{"floor":46.0,"key":"SmokeBomb"},{"floor":47.0,"key":"Explosive Potion"},{"floor":48.0,"key":"DuplicationPotion"},{"floor":54.0,"key":"EntropicBrew"},{"floor":54.0,"key":"PowerPotion"}],"is_trial":false,"path_per_floor":["M","?","M","M","M","?","R","E","T","R","$","M","E","M","R","B",null,"M","?","?","M","M","R","E","R","T","E","R","?","E","M","R","B",null,"M","?","M","?","M","E","R","M","T","M","E","M","?","E","R","B","B",null,"R","$","E","B"],"character_chosen":"THE_SILENT","items_purchased":["Toolbox","Bag of Preparation","Cauldron"],"campfire_rested":0,"item_purchase_floors":[11,54,54],"current_hp_per_floor":[59,59,59,57,45,45,45,35,35,35,35,35,21,21,21,21,55,48,48,48,48,39,39,32,32,32,34,34,34,37,41,41,29,57,62,52,56,56,54,50,50,55,55,54,55,52,50,37,37,13,7,51,51,51,52,52],"gold":91,"neow_bonus":"RANDOM_COMMON_RELIC","is_prod":false,"is_daily":false,"chose_seed":false,"campfire_upgraded":9,"win_rate":0,"timestamp":1656039660,"path_taken":["M","?","?","M","?","?","R","E","T","R","$","M","E","M","R","BOSS","M","?","?","M","?","R","E","R","T","E","R","?","E","M","R","BOSS","M","?","M","?","M","E","R","M","T","M","E","M","?","E","R","BOSS","BOSS","R","$","E","BOSS"],"build_version":"2022-03-07","purchased_purges":2,"victory":false,"max_hp_per_floor":[66,66,66,66,66,66,66,66,66,66,66,66,66,66,66,66,66,66,66,66,66,66,66,66,66,66,66,66,66,66,66,66,66,66,66,66,66,66,66,66,66,66,66,66,66,66,66,66,66,66,66,66,66,66,76,76],"relic_stats":{"counters":[31,157],"Astrolabe":["Prepared","Burst","Backflip"],"Omamori":0,"Juzu Bracelet":0,"Bag of Preparation":[2],"Whetstone":["Strike_G","Flying Knee"],"Question Card":2,"White Beast Statue":[0.0,0.0,0.0,0.4,0.0,0.6000000000000001,0.0,0.0,0.0,0.0,0.0,6.0680870912000024],"Cauldron":2,"Shuriken":[8],"Sundial":[8],"Nloth\u0027s Gift":7,"obtain_stats":[{"Pear":55,"Astrolabe":17,"Omamori":27,"Juzu Bracelet":40,"Bag of Preparation":54,"Whetstone":43,"Paper Crane":30,"Smiling Mask":8,"Question Card":48,"White Beast Statue":26,"SlaversCollar":34,"Cauldron":54,"Shuriken":24,"Sundial":45,"Toolbox":11,"Bag of Marbles":13,"Nloth\u0027s Gift":20,"Toy Ornithopter":0,"Ring of the Snake":0,"Pocketwatch":47},{"Pear":30,"Astrolabe":9,"Omamori":14,"Juzu Bracelet":21,"Bag of Preparation":29,"Whetstone":22,"Paper Crane":15,"Smiling Mask":5,"Question Card":27,"White Beast Statue":13,"SlaversCollar":17,"Cauldron":29,"Shuriken":13,"Sundial":24,"Toolbox":5,"Bag of Marbles":7,"Nloth\u0027s Gift":10,"Toy Ornithopter":0,"Ring of the Snake":0,"Pocketwatch":26},{"Pear":157,"Astrolabe":38,"Omamori":63,"Juzu Bracelet":102,"Bag of Preparation":152,"Whetstone":104,"Paper Crane":69,"Smiling Mask":21,"Question Card":133,"White Beast Statue":58,"SlaversCollar":84,"Cauldron":152,"Shuriken":58,"Sundial":115,"Toolbox":21,"Bag of Marbles":27,"Nloth\u0027s Gift":43,"Toy Ornithopter":0,"Ring of the Snake":0,"Pocketwatch":126}],"Toy Ornithopter":75,"Ring of the Snake":[60],"Pocketwatch":[6]},"card_choices":[{"not_picked":["Calculated Gamble","Outmaneuver"],"picked":"Flying Knee","floor":1.0},{"not_picked":["Backflip","Prepared"],"picked":"Bane","floor":3.0},{"not_picked":["Eviscerate","Flechettes"],"picked":"Poisoned Stab","floor":4.0},{"not_picked":["Acrobatics","Flying Knee"],"picked":"Bouncing Flask","floor":5.0},{"not_picked":["Accuracy","Prepared"],"picked":"Catalyst","floor":8.0},{"not_picked":["Dodge and Roll","Acrobatics"],"picked":"Leg Sweep","floor":12.0},{"not_picked":["Concentrate","Quick Slash"],"picked":"PiercingWail","floor":13.0},{"not_picked":["All Out Attack","Flying Knee","Cloak And Dagger"],"picked":"SKIP","floor":14.0},{"not_picked":["Storm of Steel","Glass Knife"],"picked":"Malaise","floor":16.0},{"not_picked":["Slice","Underhanded Strike","Dagger Throw"],"picked":"SKIP","floor":18.0},{"not_picked":["Sucker Punch","Outmaneuver"],"picked":"PiercingWail","floor":21.0},{"not_picked":["Blade Dance","Dagger Throw+1","Slice"],"picked":"SKIP","floor":22.0},{"not_picked":["Footwork","Predator"],"picked":"Die Die Die","floor":24.0},{"not_picked":["Dash","Backflip","A Thousand Cuts"],"picked":"SKIP","floor":27.0},{"not_picked":["Dash","Backflip","A Thousand Cuts"],"picked":"SKIP","floor":27.0},{"not_picked":["Glass Knife","Underhanded Strike"],"picked":"Malaise","floor":30.0},{"not_picked":["Blade Dance","Prepared","Dagger Throw"],"picked":"SKIP","floor":31.0},{"not_picked":["Storm of Steel","A Thousand Cuts"],"picked":"Corpse Explosion","floor":33.0},{"not_picked":["Underhanded Strike","Envenom","Skewer"],"picked":"SKIP","floor":35.0},{"not_picked":["Purity","Forethought"],"picked":"Thinking Ahead","floor":36.0},{"not_picked":["Chrysalis","Mayhem"],"picked":"Finesse","floor":36.0},{"not_picked":["Dagger Throw","Terror","Underhanded Strike"],"picked":"SKIP","floor":37.0},{"not_picked":["Footwork","Poisoned Stab","Acrobatics"],"picked":"SKIP","floor":39.0},{"not_picked":["Sucker Punch","Skewer","Corpse Explosion"],"picked":"SKIP","floor":40.0},{"not_picked":["Escape Plan","Masterful Stab"],"picked":"Calculated Gamble+1","floor":42.0},{"not_picked":["Acrobatics","Deflect","Underhanded Strike"],"picked":"SKIP","floor":44.0},{"not_picked":["Infinite Blades","Envenom"],"picked":"PiercingWail+1","floor":45.0},{"not_picked":["Endless Agony","Leg Sweep","Riddle With Holes+1"],"picked":"SKIP","floor":46.0},{"not_picked":["Flechettes","Underhanded Strike"],"picked":"Well Laid Plans","floor":48.0},{"not_picked":["Dodge and Roll","Footwork","Riddle With Holes"],"picked":"Night Terror","floor":55.0}],"player_experience":981883,"relics_obtained":[{"floor":8.0,"key":"Smiling Mask"},{"floor":13.0,"key":"Bag of Marbles"},{"floor":24.0,"key":"Shuriken"},{"floor":26.0,"key":"White Beast Statue"},{"floor":27.0,"key":"Omamori"},{"floor":30.0,"key":"Paper Crane"},{"floor":40.0,"key":"Juzu Bracelet"},{"floor":43.0,"key":"Whetstone"},{"floor":45.0,"key":"Sundial"},{"floor":47.0,"key":"Pocketwatch"},{"floor":48.0,"key":"Question Card"},{"floor":55.0,"key":"Pear"}],"event_choices":[{"damage_healed":0.0,"max_hp_gain":0.0,"max_hp_loss":0.0,"gold_gain":0.0,"event_name":"Match and Keep!","player_choice":"1 cards matched","floor":2.0,"gold_loss":0.0,"damage_taken":0.0,"cards_obtained":["Crippling Poison"]},{"damage_healed":0.0,"max_hp_gain":0.0,"max_hp_loss":0.0,"gold_gain":0.0,"event_name":"Match and Keep!","player_choice":"1 cards matched","floor":2.0,"gold_loss":0.0,"damage_taken":0.0,"cards_obtained":["Crippling Poison"]},{"cards_removed":["Strike_G"],"damage_healed":0.0,"max_hp_gain":0.0,"max_hp_loss":0.0,"gold_gain":0.0,"event_name":"Bonfire Elementals","player_choice":"Offered Basic","floor":6.0,"gold_loss":0.0,"damage_taken":0.0},{"cards_removed":["Strike_G"],"damage_healed":0.0,"max_hp_gain":0.0,"max_hp_loss":0.0,"gold_gain":0.0,"event_name":"Beggar","player_choice":"Gave Gold","floor":19.0,"gold_loss":75.0,"damage_taken":0.0},{"damage_healed":0.0,"max_hp_gain":0.0,"max_hp_loss":0.0,"gold_gain":0.0,"event_name":"N\u0027loth","player_choice":"Traded Relic","floor":20.0,"relics_lost":["Smiling Mask"],"gold_loss":0.0,"damage_taken":0.0,"relics_obtained":["Nloth\u0027s Gift"]},{"cards_removed":["Defend_G"],"damage_healed":0.0,"max_hp_gain":0.0,"max_hp_loss":0.0,"gold_gain":0.0,"event_name":"Back to Basics","player_choice":"Elegance","floor":29.0,"gold_loss":0.0,"damage_taken":0.0},{"damage_healed":0.0,"max_hp_gain":0.0,"max_hp_loss":0.0,"gold_gain":0.0,"event_name":"SensoryStone","player_choice":"Memory 3","floor":36.0,"gold_loss":0.0,"damage_taken":10.0},{"damage_healed":0.0,"max_hp_gain":0.0,"max_hp_loss":0.0,"gold_gain":0.0,"event_name":"Mysterious Sphere","player_choice":"Ignored","floor":38.0,"gold_loss":0.0,"damage_taken":0.0},{"damage_healed":0.0,"max_hp_gain":0.0,"max_hp_loss":0.0,"gold_gain":0.0,"event_name":"MindBloom","player_choice":"Fight","floor":47.0,"gold_loss":0.0,"damage_taken":0.0}],"is_beta":false,"boss_relics":[{"not_picked":["Empty Cage","Philosopher\u0027s Stone"],"picked":"Astrolabe"},{"not_picked":["Runic Dome","Ring of the Serpent"],"picked":"SlaversCollar"}],"items_purged_floors":[11,54],"is_endless":false,"potions_floor_spawned":[3,5,13,18,21,24,27,30,31,33,35,37,39,40,42,44,45,46,47,48,55],"killed_by":"The Heart","ascension_level":20}