{"gold_per_floor":[109,109,109,34,48,48,63,90,90,90,90,90,90,122,122,122],"floor_reached":16,"playtime":840,"items_purged":["Decay"],"score":212,"play_id":"db64f999-bb9f-453b-a151-0e537c7f9027","local_time":"20220708184448","is_ascension_mode":true,"campfire_choices":[{"floor":6.0,"key":"REST"},{"data":"Burst","floor":10.0,"key":"SMITH"},{"floor":13.0,"key":"REST"},{"data":"Noxious Fumes","floor":15.0,"key":"SMITH"}],"neow_cost":"CURSE","seed_source_timestamp":839768699326770,"circlet_count":0,"master_deck":["AscendersBane","Strike_G","Strike_G","Strike_G","Strike_G","Strike_G","Defend_G","Defend_G","Defend_G","Defend_G","Defend_G","Survivor","Neutralize","Blur","Backstab","Noxious Fumes+1","Blur","Poisoned Stab","Burst+1","Well Laid Plans"],"special_seed":0,"relics":["Ring of the Snake","Prayer Wheel","Vajra","WingedGreaves","Letter Opener","Sundial","Paper Crane","Singing Bowl"],"potions_floor_usage":[],"damage_taken":[{"damage":4.0,"enemies":"Small Slimes","floor":1.0,"turns":4.0},{"damage":2.0,"enemies":"Jaw Worm","floor":5.0,"turns":4.0},{"damage":0.0,"enemies":"Cultist","floor":7.0,"turns":3.0},{"damage":17.0,"enemies":"3 Sentries","floor":8.0,"turns":8.0},{"damage":22.0,"enemies":"Lagavulin","floor":14.0,"turns":10.0},{"damage":14,"enemies":"The Guardian","floor":16,"turns":7}],"seed_played":"-7384138705716829936","potions_obtained":[{"floor":7.0,"key":"PowerPotion"},{"floor":8.0,"key":"Swift Potion"}],"is_trial":false,"path_per_floor":["M","?","T","$","M","R","M","E","T","R","?","?","R","E","R","B"],"character_chosen":"THE_SILENT","items_purchased":[],"campfire_rested":2,"item_purchase_floors":[],"current_hp_per_floor":[55,20,20,20,18,37,37,20,20,20,20,20,39,17,17,3],"gold":122,"neow_bonus":"ONE_RARE_RELIC","is_prod":false,"is_daily":false,"chose_seed":false,"campfire_upgraded":2,"win_rate":0,"timestamp":1657323888,"path_taken":["M","?","?","$","?","R","M","E","T","R","?","?","R","E","R","BOSS"],"build_version":"2022-03-07","purchased_purges":1,"victory":false,"max_hp_per_floor":[66,66,66,66,66,66,66,66,66,66,66,66,66,66,66,66],"relic_stats":{"Singing Bowl":0,"counters":[6,36],"Sundial":[2],"Prayer Wheel":4,"WingedGreaves":0,"Letter Opener":[15],"obtain_stats":[{"Singing Bowl":14,"Sundial":9,"Vajra":2,"Prayer Wheel":0,"WingedGreaves":3,"Letter Opener":8,"Paper Crane":12,"Ring of the Snake":0},{"Singing Bowl":5,"Sundial":4,"Vajra":1,"Prayer Wheel":0,"WingedGreaves":1,"Letter Opener":4,"Paper Crane":4,"Ring of the Snake":0},{"Singing Bowl":29,"Sundial":19,"Vajra":4,"Prayer Wheel":0,"WingedGreaves":4,"Letter Opener":19,"Paper Crane":19,"Ring of the Snake":0}],"Ring of the Snake":[12]},"card_choices":[{"not_picked":["Dodge and Roll","Cloak And Dagger"],"picked":"Blur","floor":1.0},{"not_picked":["Underhanded Strike","Eviscerate"],"picked":"Backstab","floor":1.0},{"not_picked":["Concentrate","Deflect"],"picked":"Noxious Fumes","floor":5.0},{"not_picked":["Dagger Spray","Dodge and Roll"],"picked":"Blur","floor":5.0},{"not_picked":["Choke","Predator"],"picked":"Poisoned Stab","floor":7.0},{"not_picked":["Slice","Expertise"],"picked":"Bane","floor":7.0},{"not_picked":["Infinite Blades","Dodge and Roll"],"picked":"Burst","floor":8.0},{"not_picked":["Bane","Dodge and Roll"],"picked":"Well Laid Plans","floor":14.0}],"player_experience":1020296,"relics_obtained":[{"floor":3.0,"key":"WingedGreaves"},{"floor":8.0,"key":"Letter Opener"},{"floor":9.0,"key":"Sundial"},{"floor":14.0,"key":"Singing Bowl"}],"event_choices":[{"damage_healed":0.0,"max_hp_gain":0.0,"max_hp_loss":0.0,"gold_gain":0.0,"event_name":"Scrap Ooze","player_choice":"Success","floor":2.0,"gold_loss":0.0,"damage_taken":35.0,"relics_obtained":["Vajra"]},{"damage_healed":0.0,"max_hp_gain":0.0,"max_hp_loss":0.0,"gold_gain":0.0,"event_name":"Liars Game","player_choice":"Ignored","floor":11.0,"gold_loss":0.0,"damage_taken":0.0},{"cards_removed":["Bane"],"damage_healed":0.0,"max_hp_gain":0.0,"max_hp_loss":0.0,"gold_gain":0.0,"event_name":"WeMeetAgain","player_choice":"Gave Card","floor":12.0,"gold_loss":0.0,"damage_taken":0.0,"relics_obtained":["Paper Crane"]}],"is_beta":false,"boss_relics":[],"items_purged_floors":[4],"is_endless":false,"potions_floor_spawned":[7,8],"killed_by":"The Guardian","ascension_level":20}