{"gold_per_floor":[113,113,132,132,57,57,69,98,145,145,172,185,185],"floor_reached":13,"playtime":630,"items_purged":["Defend_G"],"score":186,"play_id":"97665ae2-bdc7-4d1c-9033-2116e86957cb","local_time":"20220708185912","is_ascension_mode":true,"campfire_choices":[{"floor":6.0,"key":"REST"},{"floor":10.0,"key":"REST"}],"neow_cost":"TEN_PERCENT_HP_LOSS","seed_source_timestamp":841403311430508,"circlet_count":0,"master_deck":["AscendersBane","Strike_G","Strike_G","Strike_G","Strike_G+1","Strike_G","Defend_G","Defend_G","Defend_G","Survivor","Neutralize","Bullet Time+1","PiercingWail","Dagger Throw","Acrobatics","Deadly Poison"],"special_seed":0,"relics":["Ring of the Snake","Nunchaku","Anchor","Question Card"],"potions_floor_usage":[11,13],"damage_taken":[{"damage":2.0,"enemies":"Jaw Worm","floor":1.0,"turns":6.0},{"damage":0.0,"enemies":"2 Louse","floor":3.0,"turns":4.0},{"damage":0.0,"enemies":"Small Slimes","floor":7.0,"turns":3.0},{"damage":29.0,"enemies":"3 Sentries","floor":8.0,"turns":9.0},{"damage":32,"enemies":"Gremlin Nob","floor":11,"turns":4},{"damage":4,"enemies":"Red Slaver","floor":12,"turns":4},{"damage":0,"enemies":"Lagavulin","floor":13,"turns":3}],"seed_played":"2695557231954522110","potions_obtained":[{"floor":3.0,"key":"ColorlessPotion"},{"floor":7.0,"key":"SkillPotion"},{"floor":11,"key":"BlessingOfTheForge"}],"is_trial":false,"path_per_floor":["M","?","M","?","$","R","M","E","T","R","E","M","E"],"character_chosen":"THE_SILENT","items_purchased":[],"campfire_rested":2,"item_purchase_floors":[],"current_hp_per_floor":[57,50,50,32,32,50,50,21,21,39,7,3,3],"gold":185,"neow_bonus":"THREE_RARE_CARDS","is_prod":false,"is_daily":false,"chose_seed":false,"campfire_upgraded":0,"win_rate":0,"timestamp":1657324752,"path_taken":["M","?","M","?","$","R","M","E","T","R","E","M","E"],"build_version":"2022-03-07","purchased_purges":1,"victory":false,"max_hp_per_floor":[60,60,60,60,60,60,60,60,60,60,60,60,60],"relic_stats":{"Nunchaku":[2],"counters":[7,33],"Question Card":1,"obtain_stats":[{"Nunchaku":8,"Anchor":9,"Question Card":11,"Ring of the Snake":0},{"Nunchaku":4,"Anchor":4,"Question Card":5,"Ring of the Snake":0},{"Nunchaku":22,"Anchor":22,"Question Card":26,"Ring of the Snake":0}],"Ring of the Snake":[14]},"card_choices":[{"not_picked":["Doppelganger","Unload"],"picked":"Bullet Time","floor":0.0},{"not_picked":["Outmaneuver","Prepared"],"picked":"PiercingWail","floor":1.0},{"not_picked":["Eviscerate","Accuracy"],"picked":"Dagger Throw","floor":3.0},{"not_picked":["All Out Attack","Calculated Gamble"],"picked":"Acrobatics","floor":7.0},{"not_picked":["Finisher","Deflect","Acrobatics"],"picked":"SKIP","floor":8.0},{"not_picked":["Bullet Time","Slice","Prepared"],"picked":"SKIP","floor":11},{"not_picked":["Reflex","Accuracy","Deflect"],"picked":"Deadly Poison","floor":12}],"player_experience":1021136,"relics_obtained":[{"floor":8.0,"key":"Nunchaku"},{"floor":9.0,"key":"Anchor"},{"floor":11,"key":"Question Card"}],"event_choices":[{"cards_removed":["Defend_G"],"damage_healed":0.0,"max_hp_gain":0.0,"max_hp_loss":0.0,"gold_gain":0.0,"event_name":"Golden Wing","player_choice":"Card Removal","floor":2.0,"gold_loss":0.0,"damage_taken":7.0},{"damage_healed":0.0,"max_hp_gain":0.0,"max_hp_loss":0.0,"gold_gain":0.0,"event_name":"Shining Light","player_choice":"Entered Light","floor":4.0,"gold_loss":0.0,"damage_taken":18.0,"cards_upgraded":["Bullet Time","Strike_G"]}],"is_beta":false,"boss_relics":[],"items_purged_floors":[5],"is_endless":false,"potions_floor_spawned":[3,7,11],"killed_by":"Lagavulin","ascension_level":20}