{"gold_per_floor":[117,117,133,153,169,169,196,32,32,32,32,58,8,35,35,35],"floor_reached":16,"playtime":1524,"items_purged":["Strike_G"],"score":236,"play_id":"8cb16239-1cdf-45d2-800d-cca27d8f5816","local_time":"20220819220246","is_ascension_mode":true,"campfire_choices":[{"floor":6.0,"key":"REST"},{"floor":11.0,"key":"REST"},{"data":"Calculated Gamble","floor":15.0,"key":"SMITH"}],"neow_cost":"NONE","seed_source_timestamp":801412336591306,"circlet_count":0,"master_deck":["AscendersBane","Strike_G","Strike_G","Strike_G","Strike_G","Defend_G","Defend_G","Defend_G","Defend_G","Defend_G","Survivor","Neutralize","Blade Dance","Skewer","Blur","PiercingWail","Calculated Gamble+1","Dash","Blur","PiercingWail","Slice"],"special_seed":0,"relics":["Black Star","Nunchaku","Gambling Chip","Bag of Preparation","InkBottle","Eternal Feather","Bottled Lightning","Art of War","Matryoshka"],"potions_floor_usage":[16],"damage_taken":[{"damage":1.0,"enemies":"Small Slimes","floor":1.0,"turns":4.0},{"damage":4.0,"enemies":"Cultist","floor":3.0,"turns":4.0},{"damage":1.0,"enemies":"2 Louse","floor":4.0,"turns":3.0},{"damage":1.0,"enemies":"Blue Slaver","floor":5.0,"turns":6.0},{"damage":25.0,"enemies":"Gremlin Nob","floor":7.0,"turns":5.0},{"damage":16.0,"enemies":"3 Sentries","floor":12.0,"turns":12.0},{"damage":22.0,"enemies":"Lagavulin","floor":14.0,"turns":6.0},{"damage":14,"enemies":"Hexaghost","floor":16,"turns":10}],"seed_played":"-7432256475788591819","potions_obtained":[{"floor":1.0,"key":"Weak Potion"},{"floor":3.0,"key":"GhostInAJar"},{"floor":12.0,"key":"AttackPotion"},{"floor":14.0,"key":"CunningPotion"}],"is_trial":false,"path_per_floor":["M","?","M","M","M","R","E","$","T","?","R","E","$","E","R","B"],"character_chosen":"THE_SILENT","items_purchased":["Dash","PiercingWail"],"campfire_rested":2,"item_purchase_floors":[8,13],"current_hp_per_floor":[58,32,28,27,26,45,20,20,20,20,39,23,23,1,13,0],"gold":35,"neow_bonus":"BOSS_RELIC","is_prod":false,"is_daily":false,"chose_seed":false,"campfire_upgraded":1,"win_rate":0,"timestamp":1660971766,"path_taken":["M","?","M","M","M","R","E","$","T","?","R","E","$","E","R","BOSS"],"build_version":"2022-03-07","purchased_purges":1,"victory":false,"max_hp_per_floor":[66,66,66,66,66,66,66,66,66,66,66,66,66,66,66,66],"relic_stats":{"Nunchaku":[11],"Matryoshka":0,"counters":[8,50],"Gambling Chip":[7],"Eternal Feather":12,"Black Star":3,"Bag of Preparation":[6],"Art of War":[0],"Bottled Lightning":"Calculated Gamble","obtain_stats":[{"Nunchaku":2,"Matryoshka":14,"Gambling Chip":7,"Eternal Feather":12,"Black Star":0,"Bag of Preparation":7,"Art of War":14,"Bottled Lightning":12,"InkBottle":9,"Ring of the Snake":0},{"Nunchaku":1,"Matryoshka":7,"Gambling Chip":5,"Eternal Feather":6,"Black Star":0,"Bag of Preparation":5,"Art of War":7,"Bottled Lightning":6,"InkBottle":5,"Ring of the Snake":0},{"Nunchaku":4,"Matryoshka":40,"Gambling Chip":22,"Eternal Feather":34,"Black Star":0,"Bag of Preparation":22,"Art of War":40,"Bottled Lightning":34,"InkBottle":22,"Ring of the Snake":0}],"InkBottle":[9]},"card_choices":[{"not_picked":["Caltrops","Heel Hook"],"picked":"Blade Dance","floor":1.0},{"not_picked":["Underhanded Strike","Bane"],"picked":"Skewer","floor":3.0},{"not_picked":["Concentrate","Calculated Gamble"],"picked":"Blur","floor":4.0},{"not_picked":["Underhanded Strike","Cloak And Dagger"],"picked":"PiercingWail","floor":5.0},{"not_picked":["Acrobatics","Outmaneuver"],"picked":"Calculated Gamble","floor":7.0},{"not_picked":["Calculated Gamble","Backflip"],"picked":"Blur","floor":12.0},{"not_picked":["Endless Agony","Prepared"],"picked":"Slice","floor":14.0}],"player_experience":1051404,"relics_obtained":[{"floor":7.0,"key":"Gambling Chip"},{"floor":7.0,"key":"Bag of Preparation"},{"floor":9.0,"key":"InkBottle"},{"floor":12.0,"key":"Eternal Feather"},{"floor":12.0,"key":"Bottled Lightning"},{"floor":14.0,"key":"Art of War"},{"floor":14.0,"key":"Matryoshka"}],"event_choices":[{"damage_healed":0.0,"max_hp_gain":0.0,"max_hp_loss":0.0,"gold_gain":0.0,"event_name":"Scrap Ooze","player_choice":"Success","floor":2.0,"gold_loss":0.0,"damage_taken":26.0,"relics_obtained":["Nunchaku"]},{"damage_healed":0.0,"max_hp_gain":0.0,"max_hp_loss":0.0,"gold_gain":0.0,"event_name":"Shining Light","player_choice":"Ignored","floor":10.0,"gold_loss":0.0,"damage_taken":0.0}],"is_beta":false,"boss_relics":[],"items_purged_floors":[8],"is_endless":false,"potions_floor_spawned":[1,3,12,14],"killed_by":"Hexaghost","ascension_level":20}