{"gold_per_floor":[111,125,125,136,101,101,126,140,193,226,226,226,238,264,264,338,338,348,348,348,368,379,406,15,15,92,126,153,195,217,154,166,178],"floor_reached":33,"playtime":2358,"items_purged":["Writhe"],"score":650,"play_id":"041195e5-ad80-4114-bb88-2b6de3985d30","local_time":"20220815143401","is_ascension_mode":true,"campfire_choices":[{"data":"Blade Dance","floor":6.0,"key":"SMITH"},{"floor":12.0,"key":"REST"},{"floor":15.0,"key":"REST"},{"floor":25.0,"key":"DIG"},{"floor":32,"key":"DIG"}],"neow_cost":"NONE","seed_source_timestamp":0,"circlet_count":0,"master_deck":["AscendersBane","Strike_G","Strike_G","Strike_G","Strike_G","Defend_G","Defend_G","Defend_G","Survivor","Neutralize","Skewer","Predator","Blade Dance+1","Die Die Die","Backflip","Blur","Endless Agony","Backflip","Storm of Steel","Die Die Die","PiercingWail+1","Well Laid Plans","PiercingWail","Malaise","PiercingWail","Leg Sweep","Acrobatics+1"],"special_seed":0,"relics":["Ring of the Snake","Centennial Puzzle","Ornamental Fan","Strawberry","Lantern","Paper Crane","Sozu","Bird Faced Urn","Shovel","Vajra","ClockworkSouvenir","Ancient Tea Set","MawBank","Darkstone Periapt","Question Card"],"potions_floor_usage":[],"damage_taken":[{"damage":7.0,"enemies":"Small Slimes","floor":1.0,"turns":3.0},{"damage":0.0,"enemies":"Cultist","floor":2.0,"turns":3.0},{"damage":0.0,"enemies":"2 Louse","floor":4.0,"turns":3.0},{"damage":46.0,"enemies":"Lagavulin","floor":7.0,"turns":7.0},{"damage":1.0,"enemies":"Exordium Thugs","floor":8.0,"turns":4.0},{"damage":20.0,"enemies":"Gremlin Nob","floor":10.0,"turns":4.0},{"damage":0.0,"enemies":"2 Fungi Beasts","floor":13.0,"turns":1.0},{"damage":22.0,"enemies":"Lagavulin","floor":14.0,"turns":6.0},{"damage":5.0,"enemies":"Slime Boss","floor":16.0,"turns":11.0},{"damage":1.0,"enemies":"2 Thieves","floor":18.0,"turns":3.0},{"damage":1.0,"enemies":"Spheric Guardian","floor":21.0,"turns":3.0},{"damage":12.0,"enemies":"Snake Plant","floor":22.0,"turns":5.0},{"damage":3.0,"enemies":"Slavers","floor":23.0,"turns":7.0},{"damage":1.0,"enemies":"Book of Stabbing","floor":27.0,"turns":6.0},{"damage":6.0,"enemies":"Sentry and Sphere","floor":28.0,"turns":4.0},{"damage":21,"enemies":"Gremlin Leader","floor":29,"turns":7},{"damage":0,"enemies":"Cultist and Chosen","floor":30,"turns":5},{"damage":23,"enemies":"Automaton","floor":33,"turns":6}],"seed_played":"-8625855236545333405","potions_obtained":[{"floor":4.0,"key":"LiquidBronze"},{"floor":13.0,"key":"SkillPotion"},{"floor":16.0,"key":"EssenceOfSteel"}],"is_trial":false,"path_per_floor":["M","M","?","M","?","R","E","M","T","E","?","R","M","E","R","B",null,"M","?","?","M","M","E","$","R","T","E","M","E","M","?","R","B"],"character_chosen":"THE_SILENT","items_purchased":["Vajra","ClockworkSouvenir"],"campfire_rested":2,"item_purchase_floors":[24,24],"current_hp_per_floor":[52,52,52,52,66,66,20,19,26,6,6,27,27,5,26,21,60,59,59,59,58,48,45,45,45,45,46,42,23,25,25,25,4],"gold":178,"neow_bonus":"RANDOM_COMMON_RELIC","is_prod":false,"is_daily":false,"chose_seed":false,"campfire_upgraded":1,"win_rate":0,"timestamp":1660599241,"path_taken":["M","M","?","?","?","R","E","M","T","E","?","R","M","E","R","BOSS","M","?","?","?","M","E","$","R","T","E","M","E","M","?","R","BOSS"],"build_version":"2022-03-07","purchased_purges":1,"victory":false,"max_hp_per_floor":[66,66,66,66,66,66,66,66,73,73,73,73,73,73,73,73,73,73,73,73,73,73,73,73,73,73,73,73,73,73,73,73,73],"relic_stats":{"Sozu":4,"Darkstone Periapt":0,"Centennial Puzzle":[44],"Shovel":2,"counters":[18,88],"Ornamental Fan":[280],"Bird Faced Urn":[12],"Ancient Tea Set":[2],"MawBank":72,"Question Card":0,"obtain_stats":[{"Darkstone Periapt":29,"Lantern":10,"Vajra":24,"Paper Crane":14,"Ancient Tea Set":25,"MawBank":27,"Question Card":32,"ClockworkSouvenir":24,"Sozu":17,"Centennial Puzzle":0,"Shovel":23,"Ornamental Fan":7,"Strawberry":9,"Bird Faced Urn":20,"Ring of the Snake":0},{"Darkstone Periapt":16,"Lantern":6,"Vajra":13,"Paper Crane":8,"Ancient Tea Set":13,"MawBank":14,"Question Card":17,"ClockworkSouvenir":13,"Sozu":9,"Centennial Puzzle":0,"Shovel":13,"Ornamental Fan":4,"Strawberry":5,"Bird Faced Urn":10,"Ring of the Snake":0},{"Darkstone Periapt":77,"Lantern":24,"Vajra":60,"Paper Crane":31,"Ancient Tea Set":60,"MawBank":66,"Question Card":82,"ClockworkSouvenir":60,"Sozu":42,"Centennial Puzzle":0,"Shovel":60,"Ornamental Fan":16,"Strawberry":20,"Bird Faced Urn":45,"Ring of the Snake":0}],"Ring of the Snake":[37]},"card_choices":[{"not_picked":["Cloak And Dagger","Quick Slash"],"picked":"Skewer","floor":1.0},{"not_picked":["Underhanded Strike","Slice"],"picked":"Predator","floor":2.0},{"not_picked":["Deadly Poison","Crippling Poison"],"picked":"Blade Dance","floor":4.0},{"not_picked":["Crippling Poison","Well Laid Plans"],"picked":"Die Die Die","floor":7.0},{"not_picked":["Caltrops","Sucker Punch"],"picked":"Backflip","floor":8.0},{"not_picked":["Backflip","Acrobatics"],"picked":"Blur","floor":10.0},{"not_picked":["Bane","Predator"],"picked":"Backflip","floor":13.0},{"not_picked":["Well Laid Plans","Cloak And Dagger"],"picked":"Storm of Steel","floor":14.0},{"not_picked":["Unload","Glass Knife"],"picked":"Die Die Die","floor":16.0},{"not_picked":["Deadly Poison","Concentrate"],"picked":"PiercingWail+1","floor":18.0},{"not_picked":["Slice","Deadly Poison"],"picked":"Well Laid Plans","floor":21.0},{"not_picked":["Dagger Throw","Poisoned Stab"],"picked":"PiercingWail","floor":22.0},{"not_picked":["Poisoned Stab","A Thousand Cuts"],"picked":"Malaise","floor":23.0},{"not_picked":["Flying Knee+1","Deadly Poison"],"picked":"PiercingWail","floor":27.0},{"not_picked":["Outmaneuver","Expertise+1","Underhanded Strike"],"picked":"SKIP","floor":28.0},{"not_picked":["Acrobatics","Endless Agony"],"picked":"Leg Sweep","floor":29},{"not_picked":["Flying Knee","Slice"],"picked":"Acrobatics+1","floor":30}],"player_experience":1027272,"relics_obtained":[{"floor":7.0,"key":"Ornamental Fan"},{"floor":9.0,"key":"Strawberry"},{"floor":10.0,"key":"Lantern"},{"floor":14.0,"key":"Paper Crane"},{"floor":23.0,"key":"Shovel"},{"floor":25.0,"key":"Ancient Tea Set"},{"floor":27.0,"key":"MawBank"},{"floor":29,"key":"Darkstone Periapt"},{"floor":32,"key":"Question Card"}],"event_choices":[{"cards_removed":["Strike_G"],"damage_healed":0.0,"max_hp_gain":0.0,"max_hp_loss":0.0,"gold_gain":0.0,"event_name":"Purifier","player_choice":"Purged","floor":3.0,"gold_loss":0.0,"damage_taken":0.0},{"damage_healed":16.0,"max_hp_gain":0.0,"max_hp_loss":0.0,"gold_gain":0.0,"event_name":"The Cleric","player_choice":"Healed","floor":5.0,"gold_loss":35.0,"damage_taken":0.0},{"damage_healed":0.0,"max_hp_gain":0.0,"max_hp_loss":0.0,"gold_gain":0.0,"cards_transformed":["Defend_G"],"event_name":"Living Wall","player_choice":"Change","floor":11.0,"gold_loss":0.0,"damage_taken":0.0,"cards_obtained":["Endless Agony"]},{"damage_healed":0.0,"max_hp_gain":0.0,"max_hp_loss":0.0,"gold_gain":0.0,"event_name":"Ghosts","player_choice":"Ignored","floor":19.0,"gold_loss":0.0,"damage_taken":0.0},{"damage_healed":0.0,"max_hp_gain":0.0,"max_hp_loss":0.0,"gold_gain":0.0,"event_name":"The Mausoleum","player_choice":"Opened","floor":20.0,"gold_loss":0.0,"damage_taken":0.0,"relics_obtained":["Bird Faced Urn"],"cards_obtained":["Writhe"]},{"cards_removed":["Defend_G"],"damage_healed":0,"gold_gain":0,"player_choice":"Gave Gold","damage_taken":0,"max_hp_gain":0,"max_hp_loss":0,"event_name":"Beggar","floor":31,"gold_loss":75}],"is_beta":false,"boss_relics":[{"not_picked":["Tiny House","Philosopher\u0027s Stone"],"picked":"Sozu"}],"items_purged_floors":[24],"is_endless":false,"potions_floor_spawned":[4,13,16,18,21,23,30],"killed_by":"Automaton","ascension_level":20}