{"gold_per_floor":[114,114,125,200,85,85,116,166,239,239,239],"floor_reached":11,"playtime":433,"items_purged":["Normality"],"score":138,"play_id":"fdf2ee06-f131-4658-8939-7aa9b95b033d","local_time":"20220815105629","is_ascension_mode":true,"campfire_choices":[{"data":"Noxious Fumes","floor":6.0,"key":"SMITH"},{"data":"Burst","floor":10,"key":"SMITH"}],"neow_cost":"CURSE","seed_source_timestamp":0,"circlet_count":0,"master_deck":["AscendersBane","Strike_G","Strike_G","Strike_G","Strike_G","Strike_G","Defend_G","Defend_G","Defend_G","Defend_G","Defend_G","Survivor","Neutralize","Deadly Poison","Bouncing Flask","Noxious Fumes+1","Burst+1"],"special_seed":0,"relics":["Ring of the Snake","StoneCalendar","Ice Cream","Frozen Egg 2"],"potions_floor_usage":[],"damage_taken":[{"damage":6.0,"enemies":"Cultist","floor":1.0,"turns":6.0},{"damage":12.0,"enemies":"Jaw Worm","floor":3.0,"turns":6.0},{"damage":12.0,"enemies":"Lagavulin","floor":7.0,"turns":7.0},{"damage":8,"enemies":"Gremlin Nob","floor":11,"turns":3}],"seed_played":"4162199640953696791","potions_obtained":[{"floor":3.0,"key":"Fruit Juice"}],"is_trial":false,"path_per_floor":["M","T","M","?","$","R","E","?","T","R","E"],"character_chosen":"THE_SILENT","items_purchased":["Noxious Fumes"],"campfire_rested":0,"item_purchase_floors":[5],"current_hp_per_floor":[53,53,41,30,30,30,23,23,23,23,15],"gold":239,"neow_bonus":"ONE_RARE_RELIC","is_prod":false,"is_daily":false,"chose_seed":false,"campfire_upgraded":2,"win_rate":0,"timestamp":1660586189,"path_taken":["M","?","M","?","$","R","E","?","T","R","E"],"build_version":"2022-03-07","purchased_purges":1,"victory":false,"max_hp_per_floor":[66,66,66,66,66,66,71,71,71,71,71],"relic_stats":{"Ice Cream":[4],"counters":[4,22],"StoneCalendar":[52],"obtain_stats":[{"Ice Cream":7,"StoneCalendar":0,"Frozen Egg 2":9,"Ring of the Snake":0},{"Ice Cream":3,"StoneCalendar":0,"Frozen Egg 2":3,"Ring of the Snake":0},{"Ice Cream":19,"StoneCalendar":0,"Frozen Egg 2":19,"Ring of the Snake":0}],"Ring of the Snake":[8]},"card_choices":[{"not_picked":["Bane","Accuracy"],"picked":"Deadly Poison","floor":1.0},{"not_picked":["Cloak And Dagger","Quick Slash"],"picked":"Bouncing Flask","floor":3.0},{"not_picked":["Tactician","Underhanded Strike"],"picked":"Burst","floor":7.0}],"player_experience":1025215,"relics_obtained":[{"floor":7.0,"key":"Ice Cream"},{"floor":9.0,"key":"Frozen Egg 2"}],"event_choices":[{"damage_healed":0.0,"max_hp_gain":0.0,"max_hp_loss":0.0,"gold_gain":75.0,"event_name":"World of Goop","player_choice":"Gather Gold","floor":4.0,"gold_loss":0.0,"damage_taken":11.0},{"damage_healed":0.0,"max_hp_gain":0.0,"max_hp_loss":0.0,"gold_gain":50.0,"event_name":"Golden Shrine","player_choice":"Pray","floor":8.0,"gold_loss":0.0,"damage_taken":0.0}],"is_beta":false,"boss_relics":[],"items_purged_floors":[5],"is_endless":false,"potions_floor_spawned":[3],"killed_by":"Gremlin Nob","ascension_level":20}