{"gold_per_floor":[20,33,44,44,44,44,44],"floor_reached":7,"playtime":286,"items_purged":[],"score":82,"play_id":"b64d86b2-46ca-41fc-afba-bd4371776c06","local_time":"20220815124746","is_ascension_mode":true,"campfire_choices":[{"data":"Apotheosis","floor":6,"key":"SMITH"}],"neow_cost":"NO_GOLD","seed_source_timestamp":549046824089962,"circlet_count":0,"master_deck":["AscendersBane","Strike_G","Strike_G","Strike_G","Strike_G","Strike_G","Defend_G","Defend_G","Defend_G","Defend_G","Defend_G","Survivor","Neutralize","Apotheosis+1","All Out Attack","Bouncing Flask","Flying Knee"],"special_seed":0,"relics":["Ring of the Snake","Shovel"],"potions_floor_usage":[7],"damage_taken":[{"damage":7,"enemies":"Small Slimes","floor":1,"turns":4},{"damage":0,"enemies":"2 Louse","floor":2,"turns":3},{"damage":0,"enemies":"Cultist","floor":3,"turns":4},{"damage":52,"enemies":"Gremlin Nob","floor":7,"turns":5}],"seed_played":"7283827874886641713","potions_obtained":[{"floor":1,"key":"Fruit Juice"}],"is_trial":false,"path_per_floor":["M","M","M","?","?","R","E"],"character_chosen":"THE_SILENT","items_purchased":[],"campfire_rested":0,"item_purchase_floors":[],"current_hp_per_floor":[52,52,52,26,48,48,1],"gold":44,"neow_bonus":"RANDOM_COLORLESS_2","is_prod":false,"is_daily":false,"chose_seed":false,"campfire_upgraded":1,"win_rate":0,"timestamp":1660592866,"path_taken":["M","M","M","?","?","R","E"],"build_version":"2022-03-07","purchased_purges":0,"victory":false,"max_hp_per_floor":[66,66,66,66,66,66,71],"relic_stats":{"Shovel":0,"counters":[4,16],"obtain_stats":[{"Shovel":4,"Ring of the Snake":0},{"Shovel":3,"Ring of the Snake":0},{"Shovel":11,"Ring of the Snake":0}],"Ring of the Snake":[8]},"card_choices":[{"not_picked":["Mayhem","Panache"],"picked":"Apotheosis","floor":0.0},{"not_picked":["Tactician","Prepared"],"picked":"All Out Attack","floor":1},{"not_picked":["Infinite Blades","Acrobatics"],"picked":"Bouncing Flask","floor":2},{"not_picked":["PiercingWail","All Out Attack"],"picked":"Flying Knee","floor":3}],"player_experience":1026986,"relics_obtained":[],"event_choices":[{"damage_healed":0,"gold_gain":0,"player_choice":"Success","damage_taken":26,"relics_obtained":["Shovel"],"max_hp_gain":0,"max_hp_loss":0,"event_name":"Scrap Ooze","floor":4,"gold_loss":0},{"damage_healed":22,"gold_gain":0,"player_choice":"Banana","damage_taken":0,"max_hp_gain":0,"max_hp_loss":0,"event_name":"Big Fish","floor":5,"gold_loss":0}],"is_beta":false,"boss_relics":[],"items_purged_floors":[],"is_endless":false,"potions_floor_spawned":[1],"killed_by":"Gremlin Nob","ascension_level":20}