{"gold_per_floor":[110,110,121,46,57,83,83,112,112,112,140,140,153,165,165,239,239,258,271,291,304,318,343,343,386,398,410,259,291,90,120,120,197,197,211,211,42,57,67,97,97,126,126,143,172,185,216,231,231,231,231,231,231,34,66,66],"floor_reached":57,"playtime":6830,"items_purged":["Regret","Defend_G","Strike_G"],"score":3444,"play_id":"7c179750-4e6d-4310-944f-14629a27c35b","local_time":"20220818014156","is_ascension_mode":true,"campfire_choices":[{"data":"Glass Knife","floor":7.0,"key":"SMITH"},{"floor":12.0,"key":"DIG"},{"floor":15.0,"key":"DIG"},{"floor":24.0,"key":"DIG"},{"data":"Catalyst","floor":27.0,"key":"SMITH"},{"data":"Noxious Fumes","floor":32.0,"key":"SMITH"},{"floor":41.0,"key":"DIG"},{"floor":49.0,"key":"RECALL"},{"floor":53.0,"key":"DIG"}],"neow_cost":"NONE","seed_source_timestamp":0,"circlet_count":0,"master_deck":["AscendersBane","Strike_G+1","Strike_G","Strike_G","Strike_G","Defend_G","Defend_G","Defend_G","Defend_G","Survivor","Neutralize","Backstab","Skewer+1","Glass Knife+1","PiercingWail","Leg Sweep","Blade Dance","Adrenaline","PiercingWail","Terror+1","After Image","PiercingWail+1","Noxious Fumes+1","Catalyst+1","Acrobatics+1","Corpse Explosion","Backflip","Purity","Catalyst+1","Die Die Die+1","Master of Strategy","Apotheosis","Sadistic Nature","Adrenaline","Crippling Poison","Deadly Poison+1","Envenom+1","Blur+1","Catalyst","PiercingWail"],"special_seed":0,"relics":["Coffee Dripper","Centennial Puzzle","FossilizedHelix","Whetstone","Shovel","White Beast Statue","Dead Branch","Regal Pillow","Black Star","Letter Opener","Nunchaku","MawBank","PreservedInsect","Oddly Smooth Stone","InkBottle","Orrery","Unceasing Top","Molten Egg 2","Bottled Flame","Smiling Mask","Fusion Hammer","DollysMirror","Darkstone Periapt","Toy Ornithopter","Pen Nib","Orichalcum","Frozen Egg 2","Peace Pipe","Singing Bowl","CaptainsWheel","Paper Crane","Tingsha","Kunai","Thread and Needle","Bag of Preparation"],"potions_floor_usage":[56,56],"damage_taken":[{"damage":9.0,"enemies":"Jaw Worm","floor":1.0,"turns":7.0},{"damage":0.0,"enemies":"2 Louse","floor":3.0,"turns":2.0},{"damage":0.0,"enemies":"Cultist","floor":5.0,"turns":3.0},{"damage":29.0,"enemies":"Lagavulin","floor":6.0,"turns":8.0},{"damage":5.0,"enemies":"3 Sentries","floor":8.0,"turns":6.0},{"damage":0.0,"enemies":"Gremlin Nob","floor":11.0,"turns":3.0},{"damage":0.0,"enemies":"Red Slaver","floor":13.0,"turns":1.0},{"damage":0.0,"enemies":"Large Slime","floor":14.0,"turns":4.0},{"damage":12.0,"enemies":"Hexaghost","floor":16.0,"turns":10.0},{"damage":0.0,"enemies":"Shell Parasite","floor":18.0,"turns":4.0},{"damage":0.0,"enemies":"3 Byrds","floor":19.0,"turns":5.0},{"damage":0.0,"enemies":"Snake Plant","floor":20.0,"turns":3.0},{"damage":6.0,"enemies":"3 Cultists","floor":21.0,"turns":4.0},{"damage":0.0,"enemies":"Snecko","floor":22.0,"turns":1.0},{"damage":7.0,"enemies":"Slavers","floor":23.0,"turns":6.0},{"damage":0.0,"enemies":"Gremlin Leader","floor":25.0,"turns":6.0},{"damage":0.0,"enemies":"Book of Stabbing","floor":29.0,"turns":4.0},{"damage":0.0,"enemies":"Gremlin Leader","floor":31.0,"turns":2.0},{"damage":0.0,"enemies":"Automaton","floor":33.0,"turns":6.0},{"damage":0.0,"enemies":"3 Shapes","floor":35.0,"turns":3.0},{"damage":0.0,"enemies":"Orb Walker","floor":38.0,"turns":2.0},{"damage":0.0,"enemies":"Spire Growth","floor":39.0,"turns":2.0},{"damage":0.0,"enemies":"Giant Head","floor":40.0,"turns":3.0},{"damage":0.0,"enemies":"Reptomancer","floor":42.0,"turns":2.0},{"damage":0.0,"enemies":"Transient","floor":44.0,"turns":6.0},{"damage":5.0,"enemies":"Nemesis","floor":45.0,"turns":3.0},{"damage":0.0,"enemies":"Maw","floor":46.0,"turns":4.0},{"damage":0.0,"enemies":"Reptomancer","floor":47.0,"turns":2.0},{"damage":0.0,"enemies":"3 Darklings","floor":48.0,"turns":3.0},{"damage":12.0,"enemies":"Donu and Deca","floor":50.0,"turns":3.0},{"damage":3.0,"enemies":"Awakened One","floor":51.0,"turns":13.0},{"damage":16.0,"enemies":"Shield and Spear","floor":55.0,"turns":3.0},{"damage":12,"enemies":"The Heart","floor":56,"turns":6}],"seed_played":"3046771259965400748","potions_obtained":[{"floor":1.0,"key":"EntropicBrew"},{"floor":13.0,"key":"Regen Potion"},{"floor":14.0,"key":"Swift Potion"},{"floor":16.0,"key":"SteroidPotion"},{"floor":18.0,"key":"Dexterity Potion"},{"floor":19.0,"key":"AttackPotion"},{"floor":20.0,"key":"GhostInAJar"},{"floor":22.0,"key":"Explosive Potion"},{"floor":23.0,"key":"Block Potion"},{"floor":25.0,"key":"PowerPotion"},{"floor":29.0,"key":"Explosive Potion"},{"floor":31.0,"key":"Swift Potion"},{"floor":33.0,"key":"Swift Potion"},{"floor":35.0,"key":"DuplicationPotion"},{"floor":38.0,"key":"AttackPotion"},{"floor":39.0,"key":"Explosive Potion"},{"floor":40.0,"key":"EntropicBrew"}],"is_trial":false,"path_per_floor":["M","?","M","$","M","E","R","E","T","?","E","R","M","M","R","B",null,"M","M","M","M","M","E","R","E","T","R","$","E","$","E","R","B",null,"M","?","$","M","M","E","R","E","T","M","E","M","E","M","R","B","B",null,"R","$","E","B",null],"character_chosen":"THE_SILENT","items_purchased":["Orrery","Purity","DollysMirror","CultistPotion","Catalyst"],"campfire_rested":0,"item_purchase_floors":[28,30,37,54,54],"current_hp_per_floor":[50,50,50,50,50,21,21,16,16,16,16,16,16,16,16,4,51,65,65,65,59,59,52,52,52,52,52,52,52,52,52,52,52,63,63,53,53,53,53,53,53,58,58,58,55,55,55,57,57,45,42,63,63,63,47,45],"gold":66,"neow_bonus":"BOSS_RELIC","is_prod":false,"is_daily":false,"chose_seed":false,"campfire_upgraded":3,"win_rate":0,"timestamp":1660812116,"path_taken":["M","?","M","$","M","E","R","E","T","?","E","R","M","M","R","BOSS","M","M","?","M","M","E","R","E","T","R","?","E","$","E","R","BOSS","M","?","?","?","M","E","R","E","T","M","E","M","E","M","R","BOSS","BOSS","R","$","E","BOSS"],"build_version":"2022-03-07","purchased_purges":3,"victory":true,"max_hp_per_floor":[66,66,66,66,66,66,66,66,66,66,66,66,66,66,66,66,66,66,66,66,66,66,66,66,66,66,66,66,66,66,66,66,66,66,66,66,66,66,66,66,66,66,66,66,68,68,68,70,70,70,70,70,70,70,70,70],"relic_stats":{"Darkstone Periapt":0,"Regal Pillow":0,"Singing Bowl":4,"Bag of Preparation":[2],"Whetstone":["Skewer","Strike_G"],"Smiling Mask":75,"Centennial Puzzle":[27],"Nunchaku":[18],"Shovel":5,"Kunai":[4],"InkBottle":[46],"counters":[33,140],"Dead Branch":[356],"Tingsha":[48],"PreservedInsect":468,"Pen Nib":[10],"Letter Opener":[494],"Orichalcum":[54],"MawBank":48,"White Beast Statue":[0.0,0.0,0.0,0.4,0.0,0.6000000000000001,0.0,0.0,0.0,0.0,0.0,11.739374182400008],"Peace Pipe":0,"Bottled Flame":"Backstab","Black Star":9,"obtain_stats":[{"Darkstone Periapt":40,"Regal Pillow":15,"Singing Bowl":45,"Bag of Preparation":55,"Whetstone":8,"Smiling Mask":31,"Centennial Puzzle":2,"Nunchaku":23,"Shovel":10,"DollysMirror":37,"Fusion Hammer":34,"Kunai":53,"InkBottle":26,"Ring of the Snake":0,"Dead Branch":12,"Oddly Smooth Stone":25,"Tingsha":47,"Thread and Needle":55,"PreservedInsect":25,"Pen Nib":41,"Letter Opener":23,"Orichalcum":42,"Frozen Egg 2":42,"Paper Crane":47,"MawBank":24,"White Beast Statue":11,"Peace Pipe":43,"Bottled Flame":31,"CaptainsWheel":45,"Orrery":28,"Molten Egg 2":29,"Coffee Dripper":0,"Black Star":17,"FossilizedHelix":6,"Unceasing Top":29,"Toy Ornithopter":40},{"Darkstone Periapt":23,"Regal Pillow":8,"Singing Bowl":26,"Bag of Preparation":32,"Whetstone":5,"Smiling Mask":18,"Centennial Puzzle":1,"Nunchaku":15,"Shovel":5,"DollysMirror":20,"Fusion Hammer":19,"Kunai":31,"InkBottle":16,"Ring of the Snake":0,"Dead Branch":6,"Oddly Smooth Stone":16,"Tingsha":28,"Thread and Needle":32,"PreservedInsect":16,"Pen Nib":23,"Letter Opener":15,"Orichalcum":24,"Frozen Egg 2":24,"Paper Crane":28,"MawBank":15,"White Beast Statue":6,"Peace Pipe":24,"Bottled Flame":18,"CaptainsWheel":26,"Orrery":16,"Molten Egg 2":17,"Coffee Dripper":0,"Black Star":9,"FossilizedHelix":4,"Unceasing Top":17,"Toy Ornithopter":23},{"Darkstone Periapt":95,"Regal Pillow":34,"Singing Bowl":106,"Bag of Preparation":134,"Whetstone":26,"Smiling Mask":79,"Centennial Puzzle":7,"Nunchaku":67,"Shovel":26,"DollysMirror":88,"Fusion Hammer":85,"Kunai":131,"InkBottle":73,"Ring of the Snake":0,"Dead Branch":29,"Oddly Smooth Stone":73,"Tingsha":112,"Thread and Needle":134,"PreservedInsect":73,"Pen Nib":95,"Letter Opener":67,"Orichalcum":97,"Frozen Egg 2":97,"Paper Crane":112,"MawBank":67,"White Beast Statue":29,"Peace Pipe":97,"Bottled Flame":79,"CaptainsWheel":106,"Orrery":73,"Molten Egg 2":77,"Coffee Dripper":0,"Black Star":44,"FossilizedHelix":20,"Unceasing Top":77,"Toy Ornithopter":95}],"FossilizedHelix":[151],"Unceasing Top":[5],"Toy Ornithopter":15},"card_choices":[{"not_picked":["Dagger Throw","Backflip"],"picked":"Backstab","floor":1.0},{"not_picked":["Underhanded Strike","Acrobatics"],"picked":"Skewer","floor":3.0},{"not_picked":["Acrobatics","Sucker Punch"],"picked":"Dagger Spray","floor":5.0},{"not_picked":["Infinite Blades","All Out Attack"],"picked":"Glass Knife","floor":6.0},{"not_picked":["Dagger Throw","Backstab"],"picked":"PiercingWail","floor":8.0},{"not_picked":["Outmaneuver","Prepared"],"picked":"Leg Sweep","floor":11.0},{"not_picked":["Underhanded Strike","Prepared","Dagger Throw"],"picked":"SKIP","floor":13.0},{"not_picked":["Eviscerate","Masterful Stab"],"picked":"Blade Dance","floor":14.0},{"not_picked":["Venomology","Tools of the Trade"],"picked":"Adrenaline","floor":16.0},{"not_picked":["Setup","Slice","Sucker Punch"],"picked":"SKIP","floor":18.0},{"not_picked":["Prepared","Quick Slash"],"picked":"PiercingWail","floor":19.0},{"not_picked":["Dodge and Roll","Dagger Spray"],"picked":"Terror+1","floor":20.0},{"not_picked":["Deadly Poison+1","Acrobatics"],"picked":"After Image","floor":21.0},{"not_picked":["Calculated Gamble","Sucker Punch"],"picked":"PiercingWail+1","floor":22.0},{"not_picked":["Footwork","Skewer"],"picked":"Noxious Fumes","floor":23.0},{"not_picked":["Burst","Sucker Punch"],"picked":"Catalyst","floor":25.0},{"not_picked":["PiercingWail","Slice"],"picked":"Acrobatics+1","floor":28.0},{"not_picked":["Dodge and Roll","Blur"],"picked":"Corpse Explosion","floor":28.0},{"not_picked":["Dagger Spray","Dagger Throw"],"picked":"Backflip","floor":28.0},{"not_picked":["Tools of the Trade","Acrobatics","Dodge and Roll"],"picked":"SKIP","floor":29.0},{"not_picked":["Infinite Blades","Well Laid Plans"],"picked":"Catalyst+1","floor":31.0},{"not_picked":["Glass Knife+1","Corpse Explosion"],"picked":"Die Die Die+1","floor":33.0},{"not_picked":["Dagger Spray+1","Footwork","Masterful Stab+1"],"picked":"SKIP","floor":35.0},{"not_picked":["Metamorphosis","Good Instincts"],"picked":"Master of Strategy","floor":36.0},{"not_picked":["Forethought","Trip"],"picked":"Apotheosis","floor":36.0},{"not_picked":["Panache","Chrysalis"],"picked":"Sadistic Nature","floor":36.0},{"not_picked":["Flying Knee+1","Outmaneuver+1","Dodge and Roll"],"picked":"SKIP","floor":38.0},{"not_picked":["Bouncing Flask","Footwork+1"],"picked":"Crippling Poison","floor":39.0},{"not_picked":["Dagger Throw+1","Poisoned Stab+1","Skewer+1"],"picked":"SKIP","floor":40.0},{"not_picked":["Cloak And Dagger","Tactician"],"picked":"Deadly Poison+1","floor":42.0},{"not_picked":["Masterful Stab+1","Backflip","Prepared+1"],"picked":"SKIP","floor":44.0},{"not_picked":["Backstab+1","Dagger Throw+1","Masterful Stab+1"],"picked":"Singing Bowl","floor":45.0},{"not_picked":["Well Laid Plans+1","Dagger Spray+1"],"picked":"Envenom+1","floor":46.0},{"not_picked":["Tactician","Bane+1"],"picked":"Blur+1","floor":47.0},{"not_picked":["Finisher+1","Bane+1","Slice+1"],"picked":"Singing Bowl","floor":48.0},{"not_picked":["Dagger Throw+1","Finisher+1"],"picked":"PiercingWail","floor":55.0}],"player_experience":1043293,"relics_obtained":[{"floor":6.0,"key":"FossilizedHelix"},{"floor":8.0,"key":"Whetstone"},{"floor":11.0,"key":"White Beast Statue"},{"floor":12.0,"key":"Dead Branch"},{"floor":15.0,"key":"Regal Pillow"},{"floor":23.0,"key":"Letter Opener"},{"floor":23.0,"key":"Nunchaku"},{"floor":24.0,"key":"MawBank"},{"floor":25.0,"key":"PreservedInsect"},{"floor":25.0,"key":"Oddly Smooth Stone"},{"floor":26.0,"key":"InkBottle"},{"floor":29.0,"key":"Unceasing Top"},{"floor":29.0,"key":"Molten Egg 2"},{"floor":31.0,"key":"Bottled Flame"},{"floor":31.0,"key":"Smiling Mask"},{"floor":40.0,"key":"Darkstone Periapt"},{"floor":40.0,"key":"Toy Ornithopter"},{"floor":41.0,"key":"Pen Nib"},{"floor":42.0,"key":"Orichalcum"},{"floor":42.0,"key":"Frozen Egg 2"},{"floor":43.0,"key":"Peace Pipe"},{"floor":45.0,"key":"Singing Bowl"},{"floor":45.0,"key":"CaptainsWheel"},{"floor":47.0,"key":"Paper Crane"},{"floor":47.0,"key":"Tingsha"},{"floor":53.0,"key":"Kunai"},{"floor":55.0,"key":"Thread and Needle"},{"floor":55.0,"key":"Bag of Preparation"}],"event_choices":[{"damage_healed":0.0,"max_hp_gain":0.0,"max_hp_loss":0.0,"gold_gain":0.0,"event_name":"Big Fish","player_choice":"Box","floor":2.0,"gold_loss":0.0,"damage_taken":0.0,"relics_obtained":["Centennial Puzzle"],"cards_obtained":["Regret"]},{"cards_removed":["Dagger Spray"],"damage_healed":0.0,"max_hp_gain":0.0,"max_hp_loss":0.0,"gold_gain":0.0,"event_name":"WeMeetAgain","player_choice":"Gave Card","floor":10.0,"gold_loss":0.0,"damage_taken":0.0,"relics_obtained":["Shovel"]},{"damage_healed":0.0,"max_hp_gain":0.0,"max_hp_loss":0.0,"gold_gain":0.0,"event_name":"SensoryStone","player_choice":"Memory 3","floor":36.0,"gold_loss":0.0,"damage_taken":10.0}],"is_beta":false,"boss_relics":[{"not_picked":["Ectoplasm","Philosopher\u0027s Stone"],"picked":"Black Star"},{"not_picked":["Busted Crown","HoveringKite"],"picked":"Fusion Hammer"}],"items_purged_floors":[4,30,54],"is_endless":false,"potions_floor_spawned":[1,13,14,16,18,19,20,21,22,23,25,29,31,33,35,38,39,40,42,44,45,46,47,48,55],"ascension_level":20}