{"gold_per_floor":[117,117,117,117,128,140,140,173,173,173,204,204,78,107,107,178,178,192,205,205,225,125,152,96,128,128,141,141,141,156,191,191,268,268,285,285,285,37,37,68,68,80,80,121,121,146,174,211,211,211,211,211,211,16,52,52],"floor_reached":57,"playtime":4297,"items_purged":["Strike_G","Pain","Strike_G"],"score":3109,"play_id":"879ae955-45fb-4258-9038-7e1fad4f2ea3","local_time":"20220815155015","is_ascension_mode":true,"campfire_choices":[{"data":"Dagger Spray","floor":7.0,"key":"SMITH"},{"data":"Malaise","floor":10.0,"key":"SMITH"},{"data":"Neutralize","floor":12.0,"key":"SMITH"},{"floor":15.0,"key":"DIG"},{"data":"Wraith Form v2","floor":29.0,"key":"SMITH"},{"floor":32.0,"key":"DIG"},{"floor":41.0,"key":"DIG"},{"floor":45.0,"key":"DIG"},{"floor":49.0,"key":"RECALL"},{"floor":53.0,"key":"DIG"}],"neow_cost":"NONE","seed_source_timestamp":555818525173094,"circlet_count":0,"master_deck":["AscendersBane","Strike_G","Strike_G","Strike_G","Defend_G","Defend_G","Defend_G","Defend_G","Survivor","Neutralize+1","Slice","Dagger Spray+1","Dagger Throw","Malaise+1","Backstab+1","Blade Dance","Slice+1","Wraith Form v2+1","CurseOfTheBell","Accuracy+1","PiercingWail+1","Blade Dance","Terror","Backflip+1","Burst","Backflip+1","Well Laid Plans+1","Secret Technique","Swift Strike+1","Discovery","Choke+1","Bouncing Flask","Finisher+1","Acrobatics","Footwork+1","Accuracy+1","Catalyst"],"special_seed":0,"relics":["Black Star","Pen Nib","FaceOfCleric","Blue Candle","Molten Egg 2","Pantograph","Bag of Marbles","Letter Opener","Shovel","Nunchaku","Pear","Calling Bell","PreservedInsect","Shuriken","Thread and Needle","WarpedTongs","Eternal Feather","Mango","Matryoshka","Art of War","Akabeko","Frozen Egg 2","Toy Ornithopter","Torii","Tough Bandages","Coffee Dripper","TwistedFunnel","Snake Skull","Blood Vial","Mercury Hourglass","Oddly Smooth Stone","CeramicFish","Omamori","Bottled Lightning","Incense Burner","Bird Faced Urn","Boot","Gremlin Horn","Ninja Scroll","Bronze Scales","Bag of Preparation"],"potions_floor_usage":[56],"damage_taken":[{"damage":1.0,"enemies":"Cultist","floor":1.0,"turns":4.0},{"damage":2.0,"enemies":"Jaw Worm","floor":5.0,"turns":6.0},{"damage":2.0,"enemies":"Small Slimes","floor":6.0,"turns":4.0},{"damage":12.0,"enemies":"Gremlin Nob","floor":8.0,"turns":4.0},{"damage":26.0,"enemies":"Lagavulin","floor":11.0,"turns":9.0},{"damage":4.0,"enemies":"Gremlin Nob","floor":14.0,"turns":3.0},{"damage":30.0,"enemies":"Slime Boss","floor":16.0,"turns":8.0},{"damage":8.0,"enemies":"Shell Parasite","floor":18.0,"turns":4.0},{"damage":5.0,"enemies":"2 Thieves","floor":19.0,"turns":3.0},{"damage":7.0,"enemies":"Shelled Parasite and Fungi","floor":21.0,"turns":5.0},{"damage":0.0,"enemies":"Slavers","floor":23.0,"turns":5.0},{"damage":0.0,"enemies":"Gremlin Leader","floor":25.0,"turns":6.0},{"damage":0.0,"enemies":"Chosen and Byrds","floor":27.0,"turns":3.0},{"damage":0.0,"enemies":"Snake Plant","floor":30.0,"turns":1.0},{"damage":0.0,"enemies":"Book of Stabbing","floor":31.0,"turns":3.0},{"damage":8.0,"enemies":"Champ","floor":33.0,"turns":10.0},{"damage":2.0,"enemies":"3 Shapes","floor":35.0,"turns":12.0},{"damage":15.0,"enemies":"Giant Head","floor":40.0,"turns":6.0},{"damage":0.0,"enemies":"Orb Walker","floor":42.0,"turns":1.0},{"damage":15.0,"enemies":"Nemesis","floor":44.0,"turns":3.0},{"damage":42.0,"enemies":"Giant Head","floor":46.0,"turns":7.0},{"damage":1.0,"enemies":"4 Shapes","floor":47.0,"turns":3.0},{"damage":0.0,"enemies":"Reptomancer","floor":48.0,"turns":4.0},{"damage":43.0,"enemies":"Time Eater","floor":50.0,"turns":10.0},{"damage":48.0,"enemies":"Donu and Deca","floor":51.0,"turns":8.0},{"damage":46,"enemies":"Shield and Spear","floor":55,"turns":6},{"damage":116,"enemies":"The Heart","floor":56,"turns":11}],"seed_played":"-4026640647418847704","potions_obtained":[{"floor":5.0,"key":"SpeedPotion"},{"floor":8.0,"key":"Poison Potion"},{"floor":11.0,"key":"SneckoOil"},{"floor":14.0,"key":"Swift Potion"},{"floor":18.0,"key":"Strength Potion"},{"floor":21.0,"key":"EntropicBrew"},{"floor":25.0,"key":"Fruit Juice"},{"floor":42.0,"key":"SteroidPotion"}],"is_trial":false,"path_per_floor":["M","T","?","?","M","M","R","E","T","R","E","R","$","E","R","B",null,"M","M","?","M","$","E","$","E","T","M","?","R","M","E","R","B",null,"M","?","?","$","?","E","R","M","T","E","R","E","M","E","R","B","B",null,"R","$","E","B",null],"character_chosen":"THE_SILENT","items_purchased":["Blade Dance","Blade Dance","TwistedFunnel","Well Laid Plans+1","Accuracy+1"],"campfire_rested":0,"item_purchase_floors":[13,24,38,38,54],"current_hp_per_floor":[58,58,58,58,57,56,56,45,45,45,20,20,20,17,27,23,67,60,56,56,50,50,65,65,66,66,67,67,82,83,84,99,102,108,107,107,105,105,95,81,99,102,102,90,108,67,69,76,97,82,69,102,113,113,76,3],"gold":52,"neow_bonus":"BOSS_RELIC","is_prod":false,"is_daily":false,"chose_seed":false,"campfire_upgraded":4,"win_rate":0,"timestamp":1660603815,"path_taken":["M","?","?","?","?","M","R","E","T","R","E","R","$","E","R","BOSS","M","M","?","?","$","E","$","E","T","M","?","R","M","E","R","BOSS","M","?","?","?","?","E","R","M","T","E","R","E","M","E","R","BOSS","BOSS","R","$","E","BOSS"],"build_version":"2022-03-07","purchased_purges":3,"victory":true,"max_hp_per_floor":[66,66,66,66,67,68,68,69,69,69,70,70,70,71,81,82,82,83,84,84,85,85,100,100,101,101,102,102,102,103,104,104,110,110,111,111,105,105,105,106,106,107,107,108,108,109,110,111,111,112,113,113,113,113,114,115],"relic_stats":{"Torii":14,"Gremlin Horn":[2,2],"CeramicFish":45,"Snake Skull":[59],"Bag of Preparation":[2],"Boot":[5],"Blood Vial":14,"Nunchaku":[30],"Tough Bandages":[57],"Shovel":5,"Matryoshka":2,"FaceOfCleric":26,"Pantograph":92,"counters":[27,149],"Blue Candle":[2],"Eternal Feather":98,"Pen Nib":[36],"PreservedInsect":578,"Omamori":0,"Letter Opener":[150],"WarpedTongs":[99],"Mercury Hourglass":[173],"Shuriken":[62],"Bird Faced Urn":[37],"Bronze Scales":[187],"Black Star":11,"Art of War":[15],"Bottled Lightning":"Secret Technique","obtain_stats":[{"TwistedFunnel":38,"Torii":31,"Gremlin Horn":48,"CeramicFish":44,"Mango":23,"Snake Skull":40,"Incense Burner":46,"Bag of Preparation":55,"Boot":48,"Blood Vial":40,"Nunchaku":14,"Tough Bandages":32,"Shovel":14,"Matryoshka":25,"FaceOfCleric":4,"Ninja Scroll":53,"Pantograph":9,"Ring of the Snake":0,"Pear":15,"Blue Candle":8,"Oddly Smooth Stone":43,"Thread and Needle":17,"Eternal Feather":23,"Pen Nib":2,"PreservedInsect":17,"Omamori":44,"Letter Opener":11,"Frozen Egg 2":26,"Akabeko":26,"WarpedTongs":20,"Mercury Hourglass":41,"Calling Bell":17,"Shuriken":17,"Bird Faced Urn":46,"Bronze Scales":55,"Molten Egg 2":8,"Black Star":0,"Bag of Marbles":11,"Art of War":25,"Coffee Dripper":34,"Bottled Lightning":45,"Toy Ornithopter":31},{"TwistedFunnel":17,"Torii":15,"Gremlin Horn":23,"CeramicFish":20,"Mango":11,"Snake Skull":18,"Incense Burner":21,"Bag of Preparation":26,"Boot":23,"Blood Vial":18,"Nunchaku":6,"Tough Bandages":15,"Shovel":6,"Matryoshka":12,"FaceOfCleric":1,"Ninja Scroll":25,"Pantograph":4,"Ring of the Snake":0,"Pear":6,"Blue Candle":4,"Oddly Smooth Stone":19,"Thread and Needle":7,"Eternal Feather":11,"Pen Nib":1,"PreservedInsect":7,"Omamori":20,"Letter Opener":5,"Frozen Egg 2":12,"Akabeko":12,"WarpedTongs":9,"Mercury Hourglass":18,"Calling Bell":7,"Shuriken":7,"Bird Faced Urn":21,"Bronze Scales":26,"Molten Egg 2":4,"Black Star":0,"Bag of Marbles":5,"Art of War":12,"Coffee Dripper":16,"Bottled Lightning":20,"Toy Ornithopter":15},{"TwistedFunnel":90,"Torii":68,"Gremlin Horn":114,"CeramicFish":100,"Mango":55,"Snake Skull":96,"Incense Burner":107,"Bag of Preparation":138,"Boot":114,"Blood Vial":96,"Nunchaku":30,"Tough Bandages":68,"Shovel":30,"Matryoshka":61,"FaceOfCleric":4,"Ninja Scroll":132,"Pantograph":18,"Ring of the Snake":0,"Pear":30,"Blue Candle":18,"Oddly Smooth Stone":97,"Thread and Needle":38,"Eternal Feather":55,"Pen Nib":4,"PreservedInsect":38,"Omamori":100,"Letter Opener":27,"Frozen Egg 2":61,"Akabeko":61,"WarpedTongs":45,"Mercury Hourglass":96,"Calling Bell":38,"Shuriken":38,"Bird Faced Urn":107,"Bronze Scales":138,"Molten Egg 2":18,"Black Star":0,"Bag of Marbles":27,"Art of War":61,"Coffee Dripper":78,"Bottled Lightning":100,"Toy Ornithopter":68}],"Toy Ornithopter":10},"card_choices":[{"not_picked":["Outmaneuver","Deadly Poison"],"picked":"Slice","floor":1.0},{"not_picked":["Bane","Acrobatics"],"picked":"Dagger Spray","floor":5.0},{"not_picked":["Sucker Punch","Catalyst"],"picked":"Dagger Throw","floor":6.0},{"not_picked":["Sucker Punch+1","Dagger Spray+1"],"picked":"Malaise","floor":8.0},{"not_picked":["Endless Agony+1","Acrobatics"],"picked":"Backstab+1","floor":11.0},{"not_picked":["Bane+1","Caltrops"],"picked":"Slice+1","floor":14.0},{"not_picked":["Die Die Die+1","Bullet Time"],"picked":"Wraith Form v2","floor":16.0},{"not_picked":["Predator+1","Underhanded Strike+1","Setup"],"picked":"SKIP","floor":18.0},{"not_picked":["Caltrops","Backflip"],"picked":"Accuracy+1","floor":19.0},{"not_picked":["Underhanded Strike+1","Skewer+1"],"picked":"PiercingWail+1","floor":21.0},{"not_picked":["Sucker Punch+1","Reflex","Bane+1"],"picked":"SKIP","floor":23.0},{"not_picked":["Infinite Blades","Tools of the Trade","Deflect"],"picked":"SKIP","floor":25.0},{"not_picked":["Dagger Spray+1","Bane+1","Poisoned Stab+1"],"picked":"SKIP","floor":27.0},{"not_picked":["Sucker Punch+1","Expertise"],"picked":"Backflip+1","floor":30.0},{"not_picked":["Heel Hook+1","Deflect","Dash+1"],"picked":"SKIP","floor":31.0},{"not_picked":["Bullet Time","Grand Finale+1"],"picked":"Burst","floor":33.0},{"not_picked":["Blade Dance","Slice+1"],"picked":"Backflip+1","floor":35.0},{"not_picked":["Blind","Jack Of All Trades"],"picked":"Secret Technique","floor":39.0},{"not_picked":["Magnetism+1","Good Instincts"],"picked":"Swift Strike+1","floor":39.0},{"not_picked":["Forethought","Jack Of All Trades"],"picked":"Discovery","floor":39.0},{"not_picked":["Flying Knee+1","Doppelganger"],"picked":"Choke+1","floor":40.0},{"not_picked":["Prepared","Setup"],"picked":"Bouncing Flask","floor":42.0},{"not_picked":["Prepared+1","Crippling Poison"],"picked":"Finisher+1","floor":44.0},{"not_picked":["Heel Hook+1","Sucker Punch+1","Flechettes+1"],"picked":"SKIP","floor":46.0},{"not_picked":["Backflip","Slice+1"],"picked":"Acrobatics","floor":47.0},{"not_picked":["Bane+1","Backflip+1"],"picked":"Footwork+1","floor":48.0},{"not_picked":["Bane+1","Backstab+1"],"picked":"Catalyst","floor":55}],"player_experience":1029682,"relics_obtained":[{"floor":2.0,"key":"Pen Nib"},{"floor":8.0,"key":"Blue Candle"},{"floor":8.0,"key":"Molten Egg 2"},{"floor":9.0,"key":"Pantograph"},{"floor":11.0,"key":"Bag of Marbles"},{"floor":11.0,"key":"Letter Opener"},{"floor":14.0,"key":"Shovel"},{"floor":14.0,"key":"Nunchaku"},{"floor":15.0,"key":"Pear"},{"floor":17.0,"key":"PreservedInsect"},{"floor":17.0,"key":"Shuriken"},{"floor":17.0,"key":"Thread and Needle"},{"floor":23.0,"key":"Eternal Feather"},{"floor":23.0,"key":"Mango"},{"floor":25.0,"key":"Matryoshka"},{"floor":25.0,"key":"Art of War"},{"floor":26.0,"key":"Akabeko"},{"floor":26.0,"key":"Frozen Egg 2"},{"floor":31.0,"key":"Toy Ornithopter"},{"floor":31.0,"key":"Torii"},{"floor":32.0,"key":"Tough Bandages"},{"floor":40.0,"key":"Snake Skull"},{"floor":40.0,"key":"Blood Vial"},{"floor":41.0,"key":"Mercury Hourglass"},{"floor":43.0,"key":"Oddly Smooth Stone"},{"floor":44.0,"key":"CeramicFish"},{"floor":44.0,"key":"Omamori"},{"floor":45.0,"key":"Bottled Lightning"},{"floor":46.0,"key":"Incense Burner"},{"floor":46.0,"key":"Bird Faced Urn"},{"floor":48.0,"key":"Boot"},{"floor":48.0,"key":"Gremlin Horn"},{"floor":53.0,"key":"Ninja Scroll"},{"floor":55,"key":"Bronze Scales"},{"floor":55,"key":"Bag of Preparation"}],"event_choices":[{"damage_healed":0.0,"max_hp_gain":0.0,"max_hp_loss":0.0,"gold_gain":0.0,"event_name":"Liars Game","player_choice":"Ignored","floor":3.0,"gold_loss":0.0,"damage_taken":0.0},{"damage_healed":0.0,"max_hp_gain":0.0,"max_hp_loss":0.0,"gold_gain":0.0,"event_name":"FaceTrader","player_choice":"Trade","floor":4.0,"gold_loss":0.0,"damage_taken":0.0,"relics_obtained":["FaceOfCleric"]},{"damage_healed":0.0,"max_hp_gain":0.0,"max_hp_loss":0.0,"gold_gain":0.0,"event_name":"Accursed Blacksmith","player_choice":"Rummage","floor":20.0,"gold_loss":0.0,"damage_taken":0.0,"relics_obtained":["WarpedTongs"],"cards_obtained":["Pain"]},{"damage_healed":0.0,"max_hp_gain":0.0,"max_hp_loss":0.0,"gold_gain":0.0,"event_name":"The Library","player_choice":"Read","floor":28.0,"gold_loss":0.0,"damage_taken":0.0,"cards_obtained":["Terror"]},{"cards_removed":["Defend_G"],"damage_healed":0.0,"max_hp_gain":0.0,"max_hp_loss":0.0,"gold_gain":0.0,"event_name":"Falling","player_choice":"Removed Skill","floor":36.0,"gold_loss":0.0,"damage_taken":0.0},{"damage_healed":0.0,"max_hp_gain":0.0,"max_hp_loss":6.0,"gold_gain":0.0,"event_name":"Winding Halls","player_choice":"Max HP","floor":37.0,"gold_loss":0.0,"damage_taken":0.0},{"damage_healed":0.0,"max_hp_gain":0.0,"max_hp_loss":0.0,"gold_gain":0.0,"event_name":"SensoryStone","player_choice":"Memory 3","floor":39.0,"gold_loss":0.0,"damage_taken":10.0}],"is_beta":false,"boss_relics":[{"not_picked":["Ectoplasm","SacredBark"],"picked":"Calling Bell"},{"not_picked":["Philosopher\u0027s Stone","Snecko Eye"],"picked":"Coffee Dripper"}],"items_purged_floors":[13,22,54],"is_endless":false,"potions_floor_spawned":[5,8,11,14,18,21,25,42,44,46],"ascension_level":20}