{"gold_per_floor":[117,131,131,146,160,160,193,193,216,216,226,74,115,115],"floor_reached":14,"playtime":671,"items_purged":["Defend_G"],"score":200,"play_id":"49064f1d-16ca-494f-a685-a85288f2e568","local_time":"20220815185258","is_ascension_mode":true,"campfire_choices":[{"data":"Bouncing Flask","floor":6.0,"key":"SMITH"},{"floor":8.0,"key":"REST"},{"data":"Terror","floor":10.0,"key":"SMITH"}],"neow_cost":"NONE","seed_source_timestamp":570457073847204,"circlet_count":0,"master_deck":["AscendersBane","Strike_G","Strike_G","Strike_G","Strike_G","Defend_G","Defend_G","Defend_G","Defend_G","Survivor","Neutralize","Underhanded Strike","Poisoned Stab","Skewer","Bouncing Flask+1","Terror+1","Bane","Masterful Stab","Deadly Poison"],"special_seed":0,"relics":["Black Star","Pen Nib","Art of War","Omamori","CeramicFish","Matryoshka"],"potions_floor_usage":[],"damage_taken":[{"damage":1.0,"enemies":"Small Slimes","floor":1.0,"turns":5.0},{"damage":9.0,"enemies":"Cultist","floor":2.0,"turns":5.0},{"damage":2.0,"enemies":"2 Louse","floor":4.0,"turns":3.0},{"damage":0.0,"enemies":"Large Slime","floor":5.0,"turns":4.0},{"damage":36.0,"enemies":"Gremlin Nob","floor":7.0,"turns":4.0},{"damage":11.0,"enemies":"Lots of Slimes","floor":11.0,"turns":8.0},{"damage":18,"enemies":"3 Sentries","floor":13,"turns":5},{"damage":0,"enemies":"Red Slaver","floor":14,"turns":1}],"seed_played":"-7491792154846480382","potions_obtained":[{"floor":4.0,"key":"SkillPotion"},{"floor":5.0,"key":"FearPotion"}],"is_trial":false,"path_per_floor":["M","M","?","M","M","R","E","R","T","R","M","$","E","M"],"character_chosen":"THE_SILENT","items_purchased":["Masterful Stab"],"campfire_rested":1,"item_purchase_floors":[12],"current_hp_per_floor":[58,49,49,47,47,47,11,30,30,30,19,19,1,1],"gold":115,"neow_bonus":"BOSS_RELIC","is_prod":false,"is_daily":false,"chose_seed":false,"campfire_upgraded":2,"win_rate":0,"timestamp":1660614778,"path_taken":["M","M","?","M","?","R","E","R","T","R","M","$","E","M"],"build_version":"2022-03-07","purchased_purges":1,"victory":false,"max_hp_per_floor":[66,66,66,66,66,66,66,66,66,66,66,66,66,66],"relic_stats":{"Matryoshka":0,"counters":[8,35],"CeramicFish":9,"Pen Nib":[1],"Black Star":2,"Art of War":[3],"Omamori":0,"obtain_stats":[{"Matryoshka":13,"CeramicFish":13,"Pen Nib":7,"Black Star":0,"Art of War":7,"Omamori":9,"Ring of the Snake":0},{"Matryoshka":7,"CeramicFish":7,"Pen Nib":5,"Black Star":0,"Art of War":5,"Omamori":5,"Ring of the Snake":0},{"Matryoshka":34,"CeramicFish":34,"Pen Nib":21,"Black Star":0,"Art of War":21,"Omamori":21,"Ring of the Snake":0}]},"card_choices":[{"not_picked":["Flechettes","Escape Plan"],"picked":"Underhanded Strike","floor":1.0},{"not_picked":["Dodge and Roll","Setup"],"picked":"Poisoned Stab","floor":2.0},{"not_picked":["Slice","Dodge and Roll"],"picked":"Skewer","floor":4.0},{"not_picked":["Deflect","Blade Dance"],"picked":"Bouncing Flask","floor":5.0},{"not_picked":["Bane","Footwork"],"picked":"Terror","floor":7.0},{"not_picked":["Accuracy","Sucker Punch"],"picked":"Bane","floor":11.0},{"not_picked":["Flechettes","Envenom"],"picked":"Deadly Poison","floor":13}],"player_experience":1036752,"relics_obtained":[{"floor":7.0,"key":"Pen Nib"},{"floor":7.0,"key":"Art of War"},{"floor":9.0,"key":"Omamori"},{"floor":13,"key":"CeramicFish"},{"floor":13,"key":"Matryoshka"}],"event_choices":[{"cards_removed":["Strike_G"],"damage_healed":0.0,"max_hp_gain":0.0,"max_hp_loss":0.0,"gold_gain":0.0,"event_name":"Bonfire Elementals","player_choice":"Offered Basic","floor":3.0,"gold_loss":0.0,"damage_taken":0.0}],"is_beta":false,"boss_relics":[],"items_purged_floors":[12],"is_endless":false,"potions_floor_spawned":[4,5],"killed_by":"Red Slaver","ascension_level":20}