{"gold_per_floor":[113,132,132,146,163,163,181,181,251,261,295,357,387,402,402,476,476,494,494,494,563,613,613,613],"floor_reached":24,"playtime":1338,"items_purged":[],"score":416,"play_id":"4dcfff9f-62e1-4a78-bc83-454d9c4fe12d","local_time":"20220815124217","is_ascension_mode":true,"campfire_choices":[{"data":"Choke","floor":6.0,"key":"SMITH"},{"data":"Choke","floor":8.0,"key":"SMITH"},{"floor":15.0,"key":"REST"},{"floor":23,"key":"REST"}],"neow_cost":"NONE","seed_source_timestamp":0,"circlet_count":0,"master_deck":["AscendersBane","Strike_G","Strike_G","Strike_G","Defend_G","Defend_G","Defend_G","Defend_G","Survivor","Neutralize","Poisoned Stab","Choke+1","Blade Dance","Choke+1","Footwork+1","Wraith Form v2+1","Predator","Bullet Time+1","Backflip+1","Quick Slash+1","Finisher+1","Blur+1"],"special_seed":0,"relics":["Snecko Eye","Torii","Frozen Egg 2","Boot","Toxic Egg 2","Astrolabe","SsserpentHead"],"potions_floor_usage":[],"damage_taken":[{"damage":6.0,"enemies":"Cultist","floor":1.0,"turns":4.0},{"damage":6.0,"enemies":"2 Louse","floor":2.0,"turns":3.0},{"damage":12.0,"enemies":"Small Slimes","floor":4.0,"turns":3.0},{"damage":16.0,"enemies":"Gremlin Gang","floor":5.0,"turns":7.0},{"damage":0.0,"enemies":"Looter","floor":7.0,"turns":3.0},{"damage":2.0,"enemies":"Blue Slaver","floor":10.0,"turns":3.0},{"damage":8.0,"enemies":"Gremlin Nob","floor":11.0,"turns":3.0},{"damage":4.0,"enemies":"3 Sentries","floor":13.0,"turns":9.0},{"damage":1.0,"enemies":"Red Slaver","floor":14.0,"turns":3.0},{"damage":18.0,"enemies":"Hexaghost","floor":16.0,"turns":9.0},{"damage":16.0,"enemies":"Shell Parasite","floor":18.0,"turns":2.0},{"damage":11,"enemies":"Chosen","floor":21,"turns":5},{"damage":0,"enemies":"Slavers","floor":24,"turns":1}],"seed_played":"8455682664311649454","potions_obtained":[{"floor":2.0,"key":"Ancient Potion"},{"floor":5.0,"key":"Poison Potion"},{"floor":11.0,"key":"Block Potion"}],"is_trial":false,"path_per_floor":["M","M","T","M","M","R","M","R","T","M","E","?","E","M","R","B",null,"M","?","?","M","?","R","E"],"character_chosen":"THE_SILENT","items_purchased":[],"campfire_rested":2,"item_purchase_floors":[],"current_hp_per_floor":[53,47,47,35,19,19,19,19,19,17,9,9,5,4,23,5,51,35,35,35,24,6,27,27],"gold":613,"neow_bonus":"BOSS_RELIC","is_prod":false,"is_daily":false,"chose_seed":false,"campfire_upgraded":2,"win_rate":0,"timestamp":1660592537,"path_taken":["M","?","?","M","M","R","M","R","T","M","E","?","E","M","R","BOSS","M","?","?","?","?","R","E"],"build_version":"2022-03-07","purchased_purges":0,"victory":false,"max_hp_per_floor":[66,66,66,66,66,66,66,66,66,66,66,66,66,66,66,66,66,66,66,66,66,71,71,71],"relic_stats":{"SsserpentHead":100,"Torii":45,"counters":[13,55],"Astrolabe":["Backflip","Quick Slash","Finisher"],"Snecko Eye":[87,78,105,82,-151],"Boot":[34],"obtain_stats":[{"SsserpentHead":20,"Torii":3,"Astrolabe":17,"Snecko Eye":0,"Frozen Egg 2":9,"Toxic Egg 2":13,"Boot":11,"Ring of the Snake":0},{"SsserpentHead":11,"Torii":2,"Astrolabe":10,"Snecko Eye":0,"Frozen Egg 2":5,"Toxic Egg 2":8,"Boot":7,"Ring of the Snake":0},{"SsserpentHead":49,"Torii":7,"Astrolabe":47,"Snecko Eye":0,"Frozen Egg 2":20,"Toxic Egg 2":35,"Boot":26,"Ring of the Snake":0}]},"card_choices":[{"not_picked":["Sucker Punch","Cloak And Dagger"],"picked":"Poisoned Stab","floor":1.0},{"not_picked":["Skewer","Setup"],"picked":"Choke","floor":2.0},{"not_picked":["Masterful Stab","Slice","Tactician"],"picked":"SKIP","floor":4.0},{"not_picked":["Deadly Poison","Dagger Throw"],"picked":"Blade Dance","floor":5.0},{"not_picked":["Blade Dance","Riddle With Holes"],"picked":"Choke","floor":7.0},{"not_picked":["All Out Attack","Sucker Punch"],"picked":"Footwork+1","floor":10.0},{"not_picked":["Masterful Stab","Dagger Throw","Endless Agony"],"picked":"SKIP","floor":11.0},{"not_picked":["Deflect+1","Acrobatics+1"],"picked":"Wraith Form v2+1","floor":13.0},{"not_picked":["Prepared+1","Tactician+1"],"picked":"Predator","floor":14.0},{"not_picked":["Die Die Die","Venomology+1"],"picked":"Bullet Time+1","floor":16.0},{"not_picked":["Deadly Poison+1","Dagger Spray","Dodge and Roll+1"],"picked":"SKIP","floor":18.0},{"not_picked":["Prepared+1","Riddle With Holes"],"picked":"Blur+1","floor":21}],"player_experience":1025648,"relics_obtained":[{"floor":3.0,"key":"Torii"},{"floor":9.0,"key":"Frozen Egg 2"},{"floor":11.0,"key":"Boot"},{"floor":13.0,"key":"Toxic Egg 2"}],"event_choices":[{"damage_healed":0.0,"max_hp_gain":0.0,"max_hp_loss":0.0,"gold_gain":62.0,"event_name":"Golden Wing","player_choice":"Gained Gold","floor":12.0,"gold_loss":0.0,"damage_taken":0.0},{"damage_healed":0.0,"max_hp_gain":0.0,"max_hp_loss":0.0,"gold_gain":0.0,"event_name":"Vampires","player_choice":"Ignored","floor":19.0,"gold_loss":0.0,"damage_taken":0.0},{"damage_healed":0.0,"max_hp_gain":0.0,"max_hp_loss":0.0,"gold_gain":0.0,"event_name":"FaceTrader","player_choice":"Trade","floor":20.0,"gold_loss":0.0,"damage_taken":0.0,"relics_obtained":["SsserpentHead"]},{"damage_healed":0,"gold_gain":0,"player_choice":"Shed Blood","damage_taken":23,"max_hp_gain":5,"max_hp_loss":0,"event_name":"Forgotten Altar","floor":22,"gold_loss":0}],"is_beta":false,"boss_relics":[{"not_picked":["WristBlade","SacredBark"],"picked":"Astrolabe"}],"items_purged_floors":[],"is_endless":false,"potions_floor_spawned":[2,5,11],"killed_by":"Slavers","ascension_level":20}