{"gold_per_floor":[112,123,133,148,168,168,203,203,280,50,50,50,64,95,95,170,170,180,16,376,392,266,266,292,302,302,302,337,387,387,400,400,474,474,492,507,11,26,40,40,40],"floor_reached":41,"playtime":5802,"items_purged":["Strike_G","Defend_G"],"score":886,"play_id":"855c2997-9424-4161-bf18-18d99511d6a6","local_time":"20220815205719","is_ascension_mode":true,"campfire_choices":[{"data":"Skewer","floor":6.0,"key":"SMITH"},{"data":"Blade Dance","floor":8.0,"key":"SMITH"},{"data":"Wraith Form v2","floor":11.0,"key":"SMITH"},{"data":"Blade Dance","floor":15.0,"key":"SMITH"},{"data":"Finisher","floor":23.0,"key":"SMITH"},{"data":"Leg Sweep","floor":27.0,"key":"SMITH"},{"data":"Backstab","floor":30.0,"key":"SMITH"},{"data":"Crippling Poison","floor":32.0,"key":"SMITH"},{"floor":40,"key":"RECALL"}],"neow_cost":"NONE","seed_source_timestamp":0,"circlet_count":0,"master_deck":["AscendersBane","Strike_G","Strike_G+1","Strike_G+1","Strike_G","Defend_G","Defend_G","Defend_G","Defend_G","Survivor","Neutralize","Quick Slash","Skewer+1","Blade Dance+1","Leg Sweep+1","Dagger Spray","Finisher+1","Wraith Form v2+1","Blade Dance+1","Bullet Time","PiercingWail","Wraith Form v2+1","PiercingWail","Backflip+1","Injury","Backstab+1","Crippling Poison+1","Night Terror","Acrobatics","Acrobatics","Skewer","Master of Strategy","Accuracy"],"special_seed":0,"relics":["Ring of the Snake","Whetstone","Eternal Feather","Matryoshka","Bird Faced Urn","Bag of Preparation","Cursed Key","DollysMirror","Kunai","Vajra","Blood Vial","Toy Ornithopter","Fusion Hammer","Chemical X"],"potions_floor_usage":[],"damage_taken":[{"damage":2.0,"enemies":"Cultist","floor":1.0,"turns":5.0},{"damage":0.0,"enemies":"2 Louse","floor":2.0,"turns":2.0},{"damage":0.0,"enemies":"Jaw Worm","floor":3.0,"turns":3.0},{"damage":7.0,"enemies":"Exordium Thugs","floor":4.0,"turns":5.0},{"damage":8.0,"enemies":"3 Louse","floor":5.0,"turns":4.0},{"damage":17.0,"enemies":"3 Sentries","floor":7.0,"turns":6.0},{"damage":4.0,"enemies":"Lots of Slimes","floor":13.0,"turns":5.0},{"damage":5.0,"enemies":"Lagavulin","floor":14.0,"turns":7.0},{"damage":45.0,"enemies":"Hexaghost","floor":16.0,"turns":13.0},{"damage":0.0,"enemies":"Chosen","floor":18.0,"turns":3.0},{"damage":6.0,"enemies":"Shell Parasite","floor":21.0,"turns":6.0},{"damage":7.0,"enemies":"Book of Stabbing","floor":24.0,"turns":6.0},{"damage":2.0,"enemies":"Snecko","floor":25.0,"turns":8.0},{"damage":2.0,"enemies":"Slavers","floor":28.0,"turns":8.0},{"damage":0.0,"enemies":"Cultist and Chosen","floor":31.0,"turns":1.0},{"damage":70.0,"enemies":"Collector","floor":33.0,"turns":15.0},{"damage":0.0,"enemies":"Orb Walker","floor":35.0,"turns":3.0},{"damage":0.0,"enemies":"3 Darklings","floor":36.0,"turns":6.0},{"damage":18,"enemies":"Writhing Mass","floor":38,"turns":9},{"damage":2,"enemies":"Maw","floor":39,"turns":8},{"damage":68,"enemies":"Reptomancer","floor":41,"turns":5}],"seed_played":"-7870299917904439064","potions_obtained":[{"floor":1.0,"key":"SteroidPotion"},{"floor":5.0,"key":"ColorlessPotion"},{"floor":7.0,"key":"SpeedPotion"},{"floor":25.0,"key":"Explosive Potion"},{"floor":28.0,"key":"EssenceOfSteel"},{"floor":35.0,"key":"Dexterity Potion"}],"is_trial":false,"path_per_floor":["M","M","M","M","M","R","E","R","T","$","R","?","M","E","R","B",null,"M","$","?","M","$","R","E","M","T","R","E","?","R","M","R","B",null,"M","M","$","M","M","R","E"],"character_chosen":"THE_SILENT","items_purchased":["Wraith Form v2","DollysMirror","PiercingWail","Chemical X","Acrobatics","Skewer","Master of Strategy"],"campfire_rested":0,"item_purchase_floors":[10,19,22,37,37,37,37],"current_hp_per_floor":[57,57,57,50,42,42,25,34,34,34,43,43,41,36,48,5,51,53,53,17,13,13,25,22,24,24,39,43,43,58,60,66,10,52,56,62,62,50,54,66,0],"gold":40,"neow_bonus":"RANDOM_COMMON_RELIC","is_prod":false,"is_daily":false,"chose_seed":false,"campfire_upgraded":8,"win_rate":0,"timestamp":1660622239,"path_taken":["M","?","M","M","M","R","E","R","T","$","R","?","M","E","R","BOSS","M","?","?","?","$","R","E","M","T","R","E","?","R","M","R","BOSS","M","M","$","?","M","R","E"],"build_version":"2022-03-07","purchased_purges":2,"victory":false,"max_hp_per_floor":[66,66,66,66,66,66,66,66,66,66,66,66,66,66,66,66,66,66,66,66,66,66,66,66,66,66,66,66,66,66,66,66,66,66,66,66,66,66,66,66,66],"relic_stats":{"counters":[21,128],"Eternal Feather":90,"Bag of Preparation":[26],"Whetstone":["Strike_G","Strike_G"],"Cursed Key":1,"Blood Vial":12,"Matryoshka":1,"Bird Faced Urn":[38],"Kunai":[47],"Chemical X":[7],"obtain_stats":[{"Vajra":26,"Eternal Feather":7,"Bag of Preparation":14,"Whetstone":0,"Cursed Key":17,"Blood Vial":26,"Matryoshka":9,"DollysMirror":19,"Bird Faced Urn":12,"Fusion Hammer":34,"Kunai":24,"Chemical X":37,"Toy Ornithopter":28,"Ring of the Snake":0},{"Vajra":13,"Eternal Feather":6,"Bag of Preparation":8,"Whetstone":0,"Cursed Key":9,"Blood Vial":13,"Matryoshka":6,"DollysMirror":10,"Bird Faced Urn":6,"Fusion Hammer":16,"Kunai":12,"Chemical X":18,"Toy Ornithopter":14,"Ring of the Snake":0},{"Vajra":73,"Eternal Feather":25,"Bag of Preparation":37,"Whetstone":0,"Cursed Key":50,"Blood Vial":73,"Matryoshka":25,"DollysMirror":53,"Bird Faced Urn":25,"Fusion Hammer":97,"Kunai":65,"Chemical X":106,"Toy Ornithopter":81,"Ring of the Snake":0}],"Toy Ornithopter":10,"Ring of the Snake":[42]},"card_choices":[{"not_picked":["Slice","Prepared"],"picked":"Quick Slash","floor":1.0},{"not_picked":["Quick Slash","Prepared"],"picked":"Skewer","floor":2.0},{"not_picked":["Backflip","Slice"],"picked":"Blade Dance","floor":3.0},{"not_picked":["Underhanded Strike","Dagger Throw"],"picked":"Leg Sweep","floor":4.0},{"not_picked":["Poisoned Stab","Blade Dance"],"picked":"Dagger Spray","floor":5.0},{"not_picked":["Flechettes","Poisoned Stab"],"picked":"Finisher","floor":7.0},{"not_picked":["Acrobatics","Dagger Spray","Prepared"],"picked":"SKIP","floor":13.0},{"not_picked":["Catalyst","Outmaneuver"],"picked":"Blade Dance","floor":14.0},{"not_picked":["Wraith Form v2","Die Die Die"],"picked":"Bullet Time","floor":16.0},{"not_picked":["Outmaneuver","Cloak And Dagger"],"picked":"PiercingWail","floor":18.0},{"not_picked":["Underhanded Strike","Dagger Throw","Sucker Punch"],"picked":"SKIP","floor":21.0},{"not_picked":["Quick Slash+1","Escape Plan","Cloak And Dagger"],"picked":"SKIP","floor":24.0},{"not_picked":["Distraction","PiercingWail"],"picked":"Backflip+1","floor":25.0},{"not_picked":["Expertise","Outmaneuver"],"picked":"Backstab","floor":28.0},{"not_picked":["Predator","Endless Agony"],"picked":"Crippling Poison","floor":31.0},{"not_picked":["Malaise","Grand Finale"],"picked":"Night Terror","floor":33.0},{"not_picked":["Dagger Throw","Flying Knee","Bane"],"picked":"SKIP","floor":35.0},{"not_picked":["Deflect+1","PiercingWail"],"picked":"Acrobatics","floor":36.0},{"not_picked":["Expertise","Dagger Throw","Dagger Spray"],"picked":"SKIP","floor":38},{"not_picked":["Backflip","Bouncing Flask"],"picked":"Accuracy","floor":39}],"player_experience":1037444,"relics_obtained":[{"floor":7.0,"key":"Eternal Feather"},{"floor":9.0,"key":"Matryoshka"},{"floor":14.0,"key":"Bag of Preparation"},{"floor":24.0,"key":"Kunai"},{"floor":26.0,"key":"Vajra"},{"floor":26.0,"key":"Blood Vial"},{"floor":28.0,"key":"Toy Ornithopter"}],"event_choices":[{"damage_healed":0.0,"max_hp_gain":0.0,"max_hp_loss":0.0,"gold_gain":0.0,"event_name":"WeMeetAgain","player_choice":"Gave Potion","floor":12.0,"gold_loss":0.0,"damage_taken":0.0,"relics_obtained":["Bird Faced Urn"]},{"damage_healed":0.0,"max_hp_gain":0.0,"max_hp_loss":0.0,"gold_gain":360.0,"event_name":"Knowing Skull","player_choice":"GOLD GOLD GOLD GOLD ","floor":20.0,"potions_obtained":[],"gold_loss":0.0,"damage_taken":36.0,"cards_obtained":[]},{"damage_healed":0.0,"max_hp_gain":0.0,"max_hp_loss":0.0,"gold_gain":50.0,"event_name":"Golden Shrine","player_choice":"Pray","floor":29.0,"gold_loss":0.0,"damage_taken":0.0}],"is_beta":false,"boss_relics":[{"not_picked":["Runic Dome","SacredBark"],"picked":"Cursed Key"},{"not_picked":["Ring of the Serpent","Black Star"],"picked":"Fusion Hammer"}],"items_purged_floors":[10,22],"is_endless":false,"potions_floor_spawned":[1,5,7,25,28,35],"killed_by":"Reptomancer","ascension_level":20}