{"gold_per_floor":[116,41,53,53,53,53,64,90,90,100,100],"floor_reached":11,"playtime":530,"items_purged":[],"score":146,"play_id":"13a4e25f-ab25-4db4-b1ce-3e90550cb068","local_time":"20220831115822","is_ascension_mode":true,"campfire_choices":[{"data":"Doppelganger","floor":6.0,"key":"SMITH"}],"neow_cost":"NONE","seed_source_timestamp":69260823079499,"circlet_count":0,"master_deck":["AscendersBane","Strike_G","Strike_G","Strike_G","Strike_G","Defend_G","Defend_G","Defend_G","Defend_G","Survivor","Neutralize","Backflip","Dagger Throw","Doppelganger+1","Quick Slash","PiercingWail","Underhanded Strike"],"special_seed":0,"relics":["Snecko Eye","FaceOfCleric","Letter Opener","Mummified Hand"],"potions_floor_usage":[],"damage_taken":[{"damage":0.0,"enemies":"2 Louse","floor":1.0,"turns":3.0},{"damage":16.0,"enemies":"Cultist","floor":3.0,"turns":6.0},{"damage":0.0,"enemies":"Jaw Worm","floor":7.0,"turns":3.0},{"damage":31.0,"enemies":"Lagavulin","floor":8.0,"turns":8.0},{"damage":0.0,"enemies":"Looter","floor":10.0,"turns":2.0},{"damage":0,"enemies":"Gremlin Nob","floor":11,"turns":1}],"seed_played":"-6129385550097843835","potions_obtained":[{"floor":3.0,"key":"EssenceOfSteel"},{"floor":10.0,"key":"Weak Potion"}],"is_trial":false,"path_per_floor":["M","?","M","?","?","R","M","E","T","M","E"],"character_chosen":"THE_SILENT","items_purchased":[],"campfire_rested":0,"item_purchase_floors":[],"current_hp_per_floor":[59,59,43,43,43,43,44,14,14,15,15],"gold":100,"neow_bonus":"BOSS_RELIC","is_prod":false,"is_daily":false,"chose_seed":false,"campfire_upgraded":1,"win_rate":0,"timestamp":1661972302,"path_taken":["M","?","M","?","?","R","M","E","T","?","E"],"build_version":"2022-03-07","purchased_purges":0,"victory":false,"max_hp_per_floor":[66,66,66,66,66,66,67,68,68,69,69],"relic_stats":{"FaceOfCleric":3,"counters":[6,23],"Mummified Hand":[0],"Snecko Eye":[42,55,44,41,-96],"Letter Opener":[5],"obtain_stats":[{"FaceOfCleric":5,"Mummified Hand":9,"Snecko Eye":0,"Letter Opener":8,"Ring of the Snake":0},{"FaceOfCleric":2,"Mummified Hand":4,"Snecko Eye":0,"Letter Opener":4,"Ring of the Snake":0},{"FaceOfCleric":9,"Mummified Hand":20,"Snecko Eye":0,"Letter Opener":20,"Ring of the Snake":0}]},"card_choices":[{"not_picked":["Cloak And Dagger","Slice"],"picked":"Backflip","floor":1.0},{"not_picked":["Finisher","Footwork"],"picked":"Dagger Throw","floor":3.0},{"not_picked":["Backstab","Flechettes"],"picked":"Quick Slash","floor":7.0},{"not_picked":["Quick Slash","Cloak And Dagger"],"picked":"PiercingWail","floor":8.0},{"not_picked":["Dodge and Roll","Blur"],"picked":"Underhanded Strike","floor":10.0}],"player_experience":1138754,"relics_obtained":[{"floor":8.0,"key":"Letter Opener"},{"floor":9.0,"key":"Mummified Hand"}],"event_choices":[{"cards_removed":["Defend_G"],"damage_healed":0.0,"max_hp_gain":0.0,"max_hp_loss":0.0,"gold_gain":0.0,"event_name":"The Cleric","player_choice":"Card Removal","floor":2.0,"gold_loss":75.0,"damage_taken":0.0},{"damage_healed":0.0,"max_hp_gain":0.0,"max_hp_loss":0.0,"gold_gain":0.0,"cards_transformed":["Strike_G"],"event_name":"Living Wall","player_choice":"Change","floor":4.0,"gold_loss":0.0,"damage_taken":0.0,"cards_obtained":["Doppelganger"]},{"damage_healed":0.0,"max_hp_gain":0.0,"max_hp_loss":0.0,"gold_gain":0.0,"event_name":"FaceTrader","player_choice":"Trade","floor":5.0,"gold_loss":0.0,"damage_taken":0.0,"relics_obtained":["FaceOfCleric"]}],"is_beta":false,"boss_relics":[],"items_purged_floors":[],"is_endless":false,"potions_floor_spawned":[3,10],"killed_by":"Gremlin Nob","ascension_level":20}