{"gold_per_floor":[115,115,135,145,162,162,189,201,201,212,212,222,283,30,30,103,103,119,139,153,153,165,165,183,214,214,241,241,261,294,22,22,96,96,108,0,0,0,14,44,54,87,87,100,100,118,151,179,179,179,179,179,179,12,38,38],"floor_reached":57,"playtime":6294,"items_purged":["Prepared"],"score":3391,"play_id":"b0a6fe0c-706c-4fdc-9ecb-02c36dec9a4f","local_time":"20220823052354","is_ascension_mode":true,"campfire_choices":[{"data":"Eviscerate","floor":6.0,"key":"SMITH"},{"data":"Malaise","floor":11.0,"key":"SMITH"},{"floor":15.0,"key":"REST"},{"floor":23.0,"key":"REST"},{"floor":32.0,"key":"REST"},{"data":"Bouncing Flask","floor":45.0,"key":"SMITH"},{"floor":49.0,"key":"RECALL"},{"floor":53.0,"key":"REST"}],"neow_cost":"NONE","seed_source_timestamp":65923629830663,"circlet_count":0,"master_deck":["AscendersBane","Strike_G+1","Strike_G+1","Strike_G+1","Strike_G+1","Strike_G+1","Defend_G+1","Defend_G+1","Defend_G+1","Defend_G+1","Survivor","Neutralize","Acrobatics","Sucker Punch","Eviscerate+1","Terror","Malaise+1","Dagger Spray","Bouncing Flask+1","Leg Sweep","Dagger Throw","Leg Sweep","Backflip","Storm of Steel","Noxious Fumes+1","Bullet Time","RitualDagger","Predator","Leg Sweep","Dash+1","Well Laid Plans+1","A Thousand Cuts+1","Wraith Form v2+1","Night Terror+1","Footwork+1","PiercingWail+1"],"special_seed":0,"relics":["HoveringKite","Art of War","Frozen Egg 2","Toy Ornithopter","Orrery","Snecko Eye","Paper Crane","White Beast Statue","Lizard Tail","The Courier","Toxic Egg 2","Black Star","Red Mask","Bag of Preparation","Sundial","Tingsha","Pear","CeramicFish","Nunchaku","Chemical X","Mummified Hand","Bottled Lightning"],"potions_floor_usage":[56,56],"damage_taken":[{"damage":2.0,"enemies":"Jaw Worm","floor":1.0,"turns":7.0},{"damage":1.0,"enemies":"Cultist","floor":3.0,"turns":5.0},{"damage":8.0,"enemies":"Small Slimes","floor":4.0,"turns":5.0},{"damage":6.0,"enemies":"Exordium Wildlife","floor":5.0,"turns":7.0},{"damage":12.0,"enemies":"3 Sentries","floor":7.0,"turns":8.0},{"damage":1.0,"enemies":"2 Fungi Beasts","floor":8.0,"turns":4.0},{"damage":0.0,"enemies":"Blue Slaver","floor":10.0,"turns":3.0},{"damage":9.0,"enemies":"Exordium Wildlife","floor":12.0,"turns":4.0},{"damage":19.0,"enemies":"Lagavulin Event","floor":13.0,"turns":7.0},{"damage":1.0,"enemies":"The Guardian","floor":16.0,"turns":11.0},{"damage":0.0,"enemies":"3 Byrds","floor":18.0,"turns":5.0},{"damage":10.0,"enemies":"Spheric Guardian","floor":19.0,"turns":4.0},{"damage":12.0,"enemies":"Shelled Parasite and Fungi","floor":20.0,"turns":6.0},{"damage":2.0,"enemies":"Snecko","floor":22.0,"turns":5.0},{"damage":4.0,"enemies":"Cultist and Chosen","floor":24.0,"turns":8.0},{"damage":26.0,"enemies":"Book of Stabbing","floor":25.0,"turns":7.0},{"damage":0.0,"enemies":"Slavers","floor":27.0,"turns":7.0},{"damage":0.0,"enemies":"Snake Plant","floor":29.0,"turns":4.0},{"damage":2.0,"enemies":"Book of Stabbing","floor":30.0,"turns":6.0},{"damage":3.0,"enemies":"Collector","floor":33.0,"turns":9.0},{"damage":0.0,"enemies":"Orb Walker","floor":35.0,"turns":3.0},{"damage":0.0,"enemies":"3 Darklings","floor":39.0,"turns":4.0},{"damage":1.0,"enemies":"Nemesis","floor":40.0,"turns":5.0},{"damage":9.0,"enemies":"Jaw Worm Horde","floor":41.0,"turns":4.0},{"damage":28.0,"enemies":"Reptomancer","floor":42.0,"turns":5.0},{"damage":0.0,"enemies":"4 Shapes","floor":44.0,"turns":4.0},{"damage":8.0,"enemies":"Transient","floor":46.0,"turns":6.0},{"damage":7.0,"enemies":"Nemesis","floor":47.0,"turns":9.0},{"damage":4.0,"enemies":"Spire Growth","floor":48.0,"turns":5.0},{"damage":2.0,"enemies":"Time Eater","floor":50.0,"turns":16.0},{"damage":25.0,"enemies":"Awakened One","floor":51.0,"turns":15.0},{"damage":9.0,"enemies":"Shield and Spear","floor":55.0,"turns":7.0},{"damage":67,"enemies":"The Heart","floor":56,"turns":11}],"seed_played":"5493890383956314022","potions_obtained":[{"floor":2.0,"key":"LiquidBronze"},{"floor":2.0,"key":"Poison Potion"},{"floor":5.0,"key":"SteroidPotion"},{"floor":10.0,"key":"Dexterity Potion"},{"floor":13.0,"key":"SkillPotion"},{"floor":20.0,"key":"SneckoOil"},{"floor":27.0,"key":"EssenceOfSteel"},{"floor":29.0,"key":"Explosive Potion"},{"floor":30.0,"key":"AttackPotion"},{"floor":33.0,"key":"FearPotion"},{"floor":35.0,"key":"EssenceOfSteel"},{"floor":39.0,"key":"Dexterity Potion"},{"floor":40.0,"key":"Strength Potion"},{"floor":42.0,"key":"CultistPotion"},{"floor":44.0,"key":"DuplicationPotion"},{"floor":47.0,"key":"FearPotion"},{"floor":48.0,"key":"PowerPotion"},{"floor":55.0,"key":"Poison Potion"}],"is_trial":false,"path_per_floor":["M","?","M","M","M","R","E","M","T","M","R","M","?","$","R","B",null,"M","M","M","?","M","R","M","E","T","E","?","M","E","$","R","B",null,"M","?","?","$","M","E","M","E","T","M","R","M","E","M","R","B","B",null,"R","$","E","B",null],"character_chosen":"THE_SILENT","items_purchased":["Orrery","Noxious Fumes+1","Toxic Egg 2","Chemical X","PiercingWail+1"],"campfire_rested":4,"item_purchase_floors":[14,14,31,54,54],"current_hp_per_floor":[57,57,56,48,42,42,30,29,29,29,29,20,1,1,20,24,56,56,46,34,28,26,45,46,20,20,20,20,20,23,23,42,44,61,61,61,61,61,66,65,56,38,38,38,38,30,28,29,29,27,7,59,76,76,67,10],"gold":38,"neow_bonus":"BOSS_RELIC","is_prod":false,"is_daily":false,"chose_seed":false,"campfire_upgraded":3,"win_rate":0,"timestamp":1661257434,"path_taken":["M","?","M","?","M","R","E","M","T","M","R","?","?","$","R","BOSS","M","M","M","?","M","R","M","E","T","E","?","M","E","$","R","BOSS","M","?","?","?","?","E","M","E","T","M","R","M","E","M","R","BOSS","BOSS","R","$","E","BOSS"],"build_version":"2022-03-07","purchased_purges":1,"victory":true,"max_hp_per_floor":[66,66,66,66,66,66,66,66,66,66,66,66,66,66,66,66,66,66,66,66,66,66,66,66,66,66,66,66,66,66,66,66,66,66,66,66,66,66,66,66,66,76,76,76,76,76,76,76,76,76,76,76,76,76,76,76],"relic_stats":{"counters":[33,216],"CeramicFish":18,"HoveringKite":[95],"Tingsha":[105],"The Courier":112,"Bag of Preparation":[20],"White Beast Statue":[0.0,0.0,0.0,0.4,0.0,0.6000000000000001,0.0,0.0,0.0,0.0,0.0,7.352708864000002],"Lizard Tail":0,"Nunchaku":[9],"Sundial":[10],"Mummified Hand":[13],"Snecko Eye":[280,339,293,246,-132],"Art of War":[32],"Black Star":4,"Chemical X":[6],"Bottled Lightning":"Malaise","obtain_stats":[{"Pear":42,"CeramicFish":47,"HoveringKite":0,"Tingsha":42,"The Courier":30,"Bag of Preparation":40,"Frozen Egg 2":9,"Paper Crane":25,"White Beast Statue":26,"Lizard Tail":27,"Nunchaku":47,"Sundial":40,"Mummified Hand":55,"Orrery":14,"Snecko Eye":17,"Art of War":7,"Black Star":34,"Red Mask":36,"Chemical X":54,"Bottled Lightning":55,"Toxic Egg 2":31,"Toy Ornithopter":13,"Ring of the Snake":0},{"Pear":25,"CeramicFish":28,"HoveringKite":0,"Tingsha":25,"The Courier":19,"Bag of Preparation":23,"Frozen Egg 2":6,"Paper Crane":16,"White Beast Statue":16,"Lizard Tail":17,"Nunchaku":28,"Sundial":23,"Mummified Hand":32,"Orrery":9,"Snecko Eye":10,"Art of War":5,"Black Star":20,"Red Mask":21,"Chemical X":31,"Bottled Lightning":32,"Toxic Egg 2":19,"Toy Ornithopter":9,"Ring of the Snake":0},{"Pear":143,"CeramicFish":162,"HoveringKite":0,"Tingsha":143,"The Courier":113,"Bag of Preparation":134,"Frozen Egg 2":36,"Paper Crane":96,"White Beast Statue":96,"Lizard Tail":103,"Nunchaku":162,"Sundial":134,"Mummified Hand":205,"Orrery":50,"Snecko Eye":61,"Art of War":32,"Black Star":122,"Red Mask":125,"Chemical X":198,"Bottled Lightning":205,"Toxic Egg 2":113,"Toy Ornithopter":50,"Ring of the Snake":0}],"Toy Ornithopter":50},"card_choices":[{"not_picked":["Footwork","Dagger Spray"],"picked":"Acrobatics","floor":1.0},{"not_picked":["Deadly Poison","Outmaneuver"],"picked":"Sucker Punch","floor":3.0},{"not_picked":["Deadly Poison","Cloak And Dagger"],"picked":"Eviscerate","floor":4.0},{"not_picked":["Dodge and Roll","Blade Dance"],"picked":"Prepared","floor":5.0},{"not_picked":["Blade Dance","Predator"],"picked":"Terror","floor":7.0},{"not_picked":["Catalyst","Backflip"],"picked":"Malaise","floor":8.0},{"not_picked":["Bouncing Flask","Infinite Blades+1"],"picked":"Dagger Spray","floor":10.0},{"not_picked":["Dodge and Roll","Deadly Poison"],"picked":"Bouncing Flask","floor":12.0},{"not_picked":["Slice","Skewer"],"picked":"Leg Sweep","floor":13.0},{"not_picked":["Acrobatics","Blade Dance"],"picked":"Dagger Throw","floor":14.0},{"not_picked":["Outmaneuver","Accuracy+1"],"picked":"Leg Sweep","floor":14.0},{"not_picked":["Flying Knee","Poisoned Stab"],"picked":"Backflip","floor":14.0},{"not_picked":["Expertise","Poisoned Stab"],"picked":"Storm of Steel","floor":14.0},{"not_picked":["Die Die Die","Doppelganger"],"picked":"Bullet Time","floor":16.0},{"not_picked":["Blade Dance","Backflip","Poisoned Stab"],"picked":"SKIP","floor":18.0},{"not_picked":["Outmaneuver","Prepared","Dagger Spray+1"],"picked":"SKIP","floor":19.0},{"not_picked":["Poisoned Stab","Flying Knee","Reflex"],"picked":"SKIP","floor":20.0},{"not_picked":["Cloak And Dagger","Infinite Blades+1"],"picked":"Predator","floor":22.0},{"not_picked":["Distraction","Bane","Dodge and Roll"],"picked":"SKIP","floor":24.0},{"not_picked":["Poisoned Stab+1","Dagger Spray"],"picked":"Leg Sweep","floor":25.0},{"not_picked":["Cloak And Dagger+1","Deadly Poison"],"picked":"Dash+1","floor":27.0},{"not_picked":["Poisoned Stab","Cloak And Dagger"],"picked":"Well Laid Plans+1","floor":29.0},{"not_picked":["Blade Dance","Deflect"],"picked":"A Thousand Cuts+1","floor":30.0},{"not_picked":["Phantasmal Killer+1","Grand Finale"],"picked":"Wraith Form v2+1","floor":33.0},{"not_picked":["Finisher","Poisoned Stab+1","Accuracy+1"],"picked":"SKIP","floor":35.0},{"not_picked":["Backflip+1","Terror+1","Blade Dance+1"],"picked":"SKIP","floor":39.0},{"not_picked":["Blade Dance+1","Reflex+1","Infinite Blades+1"],"picked":"SKIP","floor":40.0},{"not_picked":["Prepared+1","Expertise+1","Deadly Poison+1"],"picked":"SKIP","floor":41.0},{"not_picked":["Malaise+1","Backflip+1"],"picked":"Night Terror+1","floor":42.0},{"not_picked":["Skewer+1","Deadly Poison+1","Flying Knee"],"picked":"SKIP","floor":44.0},{"not_picked":["Reflex+1","Sucker Punch+1","Bane"],"picked":"SKIP","floor":46.0},{"not_picked":["Bane","Die Die Die","Dodge and Roll+1"],"picked":"SKIP","floor":47.0},{"not_picked":["Acrobatics+1","Eviscerate"],"picked":"Footwork+1","floor":48.0},{"not_picked":["Reflex+1","Bane","Escape Plan+1"],"picked":"SKIP","floor":55.0}],"player_experience":1078598,"relics_obtained":[{"floor":7.0,"key":"Art of War"},{"floor":9.0,"key":"Frozen Egg 2"},{"floor":13.0,"key":"Toy Ornithopter"},{"floor":25.0,"key":"Paper Crane"},{"floor":26.0,"key":"White Beast Statue"},{"floor":27.0,"key":"Lizard Tail"},{"floor":30.0,"key":"The Courier"},{"floor":40.0,"key":"Bag of Preparation"},{"floor":40.0,"key":"Sundial"},{"floor":42.0,"key":"Tingsha"},{"floor":42.0,"key":"Pear"},{"floor":47.0,"key":"CeramicFish"},{"floor":47.0,"key":"Nunchaku"},{"floor":55.0,"key":"Mummified Hand"},{"floor":55.0,"key":"Bottled Lightning"}],"event_choices":[{"damage_healed":0.0,"max_hp_gain":0.0,"max_hp_loss":0.0,"gold_gain":0.0,"event_name":"Lab","player_choice":"Got Potions","floor":2.0,"gold_loss":0.0,"damage_taken":0.0},{"damage_healed":0.0,"max_hp_gain":0.0,"max_hp_loss":0.0,"gold_gain":0.0,"event_name":"Dead Adventurer","player_choice":"Searched \u00271\u0027 times","floor":13.0,"gold_loss":0.0,"damage_taken":0.0},{"damage_healed":0.0,"max_hp_gain":0.0,"max_hp_loss":0.0,"gold_gain":0.0,"event_name":"Nest","player_choice":"Joined the Cult","floor":21.0,"gold_loss":0.0,"damage_taken":6.0,"cards_obtained":["RitualDagger"]},{"damage_healed":0.0,"max_hp_gain":0.0,"max_hp_loss":0.0,"gold_gain":0.0,"event_name":"Back to Basics","player_choice":"Simplicity","floor":28.0,"gold_loss":0.0,"damage_taken":0.0,"cards_upgraded":["Strike_G","Strike_G","Strike_G","Strike_G","Strike_G","Defend_G","Defend_G","Defend_G","Defend_G","Defend_G"]},{"damage_healed":0.0,"max_hp_gain":0.0,"max_hp_loss":0.0,"gold_gain":0.0,"event_name":"Tomb of Lord Red Mask","player_choice":"Paid","floor":36.0,"gold_loss":108.0,"damage_taken":0.0,"relics_obtained":["Red Mask"]},{"cards_removed":["Defend_G"],"damage_healed":0.0,"max_hp_gain":0.0,"max_hp_loss":0.0,"gold_gain":0.0,"event_name":"Falling","player_choice":"Removed Skill","floor":37.0,"gold_loss":0.0,"damage_taken":0.0}],"is_beta":false,"boss_relics":[{"not_picked":["Busted Crown","Runic Pyramid"],"picked":"Snecko Eye"},{"not_picked":["Empty Cage","Calling Bell"],"picked":"Black Star"}],"items_purged_floors":[31],"is_endless":false,"potions_floor_spawned":[5,10,13,20,27,29,30,33,35,39,40,41,42,44,46,47,48,55],"ascension_level":20}