{"gold_per_floor":[359,284,29,49,49,80,80,108,134,20,20,34,66,95,95,169,169,184,184,215,215,51,51,82,82,82,113,13,42,62,62,62,134,134,148,162,112,125,84,115,147,173,199,224,74,89,89,117,117,117,117,117,117,18,53,53],"floor_reached":57,"playtime":4926,"items_purged":["Strike_G","Defend_G"],"score":3165,"play_id":"d6f8c444-5d94-4948-9236-6ecb7e97af06","local_time":"20220826140110","is_ascension_mode":true,"campfire_choices":[{"data":"Blade Dance","floor":7.0,"key":"SMITH"},{"data":"Phantasmal Killer","floor":15.0,"key":"SMITH"},{"data":"Ghostly","floor":23.0,"key":"SMITH"},{"data":"Ghostly","floor":25.0,"key":"SMITH"},{"data":"Well Laid Plans","floor":32.0,"key":"SMITH"},{"floor":47.0,"key":"RECALL"},{"data":"Burst","floor":49.0,"key":"SMITH"},{"data":"Backstab","floor":53.0,"key":"SMITH"}],"neow_cost":"TEN_PERCENT_HP_LOSS","seed_source_timestamp":0,"circlet_count":0,"master_deck":["AscendersBane","Strike_G","Strike_G","Strike_G","Strike_G","Defend_G+1","Defend_G","Defend_G","Survivor+1","Neutralize","PiercingWail","Blade Dance+1","Quick Slash","PiercingWail","Dagger Throw","Phantasmal Killer+1","Well Laid Plans+1","Dagger Spray","PiercingWail","Die Die Die","Corpse Explosion","Backstab+1","Ghostly+1","Ghostly+1","Ghostly+1","Skewer+1","Bullet Time","Acrobatics+1","Acrobatics+1","Noxious Fumes+1","Calculated Gamble+1","Burst+1","Wraith Form v2+1","Flash of Steel"],"special_seed":0,"relics":["Ring of the Snake","Toolbox","Bag of Preparation","Bag of Marbles","Bronze Scales","Pen Nib","Torii","Bottled Tornado","Sozu","Red Mask","ClockworkSouvenir","Art of War","Frozen Egg 2","Ancient Tea Set","Anchor","Coffee Dripper","WingedGreaves","Regal Pillow","Lantern","Dead Branch","Dream Catcher","War Paint"],"potions_floor_usage":[56,56],"damage_taken":[{"damage":2.0,"enemies":"Jaw Worm","floor":1.0,"turns":6.0},{"damage":0.0,"enemies":"2 Louse","floor":4.0,"turns":4.0},{"damage":10.0,"enemies":"Lagavulin","floor":6.0,"turns":5.0},{"damage":5.0,"enemies":"3 Sentries","floor":8.0,"turns":3.0},{"damage":0.0,"enemies":"Small Slimes","floor":12.0,"turns":2.0},{"damage":1.0,"enemies":"Exordium Thugs","floor":13.0,"turns":4.0},{"damage":0.0,"enemies":"Gremlin Nob","floor":14.0,"turns":2.0},{"damage":6.0,"enemies":"Hexaghost","floor":16.0,"turns":8.0},{"damage":6.0,"enemies":"Spheric Guardian","floor":18.0,"turns":3.0},{"damage":0.0,"enemies":"Masked Bandits","floor":20.0,"turns":2.0},{"damage":2.0,"enemies":"Book of Stabbing","floor":24.0,"turns":5.0},{"damage":0.0,"enemies":"Gremlin Leader","floor":27.0,"turns":5.0},{"damage":2.0,"enemies":"Slavers","floor":29.0,"turns":2.0},{"damage":0.0,"enemies":"2 Thieves","floor":30.0,"turns":2.0},{"damage":9.0,"enemies":"Champ","floor":33.0,"turns":9.0},{"damage":2.0,"enemies":"Orb Walker","floor":35.0,"turns":3.0},{"damage":0.0,"enemies":"3 Shapes","floor":36.0,"turns":2.0},{"damage":0.0,"enemies":"Maw","floor":38.0,"turns":7.0},{"damage":1.0,"enemies":"Giant Head","floor":40.0,"turns":6.0},{"damage":4.0,"enemies":"Reptomancer","floor":41.0,"turns":3.0},{"damage":1.0,"enemies":"Nemesis","floor":42.0,"turns":5.0},{"damage":1.0,"enemies":"Giant Head","floor":44.0,"turns":7.0},{"damage":0.0,"enemies":"Spire Growth","floor":46.0,"turns":2.0},{"damage":0.0,"enemies":"Nemesis","floor":48.0,"turns":3.0},{"damage":4.0,"enemies":"Awakened One","floor":50.0,"turns":11.0},{"damage":2.0,"enemies":"Donu and Deca","floor":51.0,"turns":5.0},{"damage":0.0,"enemies":"Shield and Spear","floor":55.0,"turns":5.0},{"damage":5,"enemies":"The Heart","floor":56,"turns":8}],"seed_played":"-4672094330849594577","potions_obtained":[{"floor":6.0,"key":"PowerPotion"},{"floor":13.0,"key":"DistilledChaos"},{"floor":16.0,"key":"BlessingOfTheForge"}],"is_trial":false,"path_per_floor":["M","?","$","M","?","E","R","E","T","$","?","M","M","E","R","B",null,"M","?","?","?","$","R","E","R","T","E","$","E","M","?","R","B",null,"M","M","?","M","$","E","E","E","T","E","$","M","R","E","R","B","B",null,"R","$","E","B",null],"character_chosen":"THE_SILENT","items_purchased":["Toolbox","Blade Dance","Quick Slash","Well Laid Plans","ClockworkSouvenir","Noxious Fumes+1","Wraith Form v2+1","Flash of Steel"],"campfire_rested":0,"item_purchase_floors":[3,3,3,10,22,39,45,54],"current_hp_per_floor":[57,57,57,57,46,36,36,31,31,31,31,31,30,30,30,24,51,45,29,29,29,29,29,27,27,27,27,27,25,25,25,25,16,28,26,26,26,26,26,25,21,20,20,19,19,19,19,19,19,15,13,27,27,27,27,22],"gold":53,"neow_bonus":"TWO_FIFTY_GOLD","is_prod":false,"is_daily":false,"chose_seed":false,"campfire_upgraded":7,"win_rate":0,"timestamp":1661547670,"path_taken":["M","?","$","M","?","E","R","E","T","$","?","M","M","E","R","BOSS","M","?","?","?","$","R","E","R","T","E","$","E","M","?","R","BOSS","M","?","?","?","?","E","E","E","T","E","$","?","R","E","R","BOSS","BOSS","R","$","E","BOSS"],"build_version":"2022-03-07","purchased_purges":2,"victory":true,"max_hp_per_floor":[60,60,60,60,60,60,60,60,60,60,60,60,60,60,60,60,60,60,65,65,32,32,32,32,32,32,32,32,32,32,32,32,32,32,32,32,32,32,32,32,32,32,32,32,32,32,32,32,32,32,32,32,32,32,32,32],"relic_stats":{"Regal Pillow":0,"Torii":19,"counters":[28,129],"Dead Branch":[124],"Pen Nib":[38],"Bag of Preparation":[52],"Bottled Tornado":"Well Laid Plans","War Paint":["Defend_G","Survivor"],"Ancient Tea Set":[8],"Sozu":10,"Dream Catcher":0,"Bronze Scales":[380],"WingedGreaves":3,"Art of War":[6],"obtain_stats":[{"Regal Pillow":41,"Lantern":42,"Torii":11,"Dead Branch":44,"Pen Nib":9,"Bag of Preparation":5,"Bottled Tornado":14,"Frozen Egg 2":26,"War Paint":55,"Ancient Tea Set":27,"ClockworkSouvenir":22,"Sozu":17,"Anchor":29,"Dream Catcher":48,"Bronze Scales":8,"Toolbox":3,"WingedGreaves":40,"Bag of Marbles":6,"Red Mask":20,"Art of War":24,"Coffee Dripper":34,"Ring of the Snake":0},{"Regal Pillow":20,"Lantern":21,"Torii":4,"Dead Branch":22,"Pen Nib":4,"Bag of Preparation":2,"Bottled Tornado":7,"Frozen Egg 2":11,"War Paint":27,"Ancient Tea Set":12,"ClockworkSouvenir":10,"Sozu":8,"Anchor":13,"Dream Catcher":24,"Bronze Scales":4,"Toolbox":1,"WingedGreaves":19,"Bag of Marbles":3,"Red Mask":10,"Art of War":11,"Coffee Dripper":15,"Ring of the Snake":0},{"Regal Pillow":83,"Lantern":88,"Torii":18,"Dead Branch":95,"Pen Nib":18,"Bag of Preparation":10,"Bottled Tornado":26,"Frozen Egg 2":44,"War Paint":121,"Ancient Tea Set":49,"ClockworkSouvenir":39,"Sozu":34,"Anchor":51,"Dream Catcher":100,"Bronze Scales":18,"Toolbox":6,"WingedGreaves":80,"Bag of Marbles":15,"Red Mask":39,"Art of War":44,"Coffee Dripper":62,"Ring of the Snake":0}],"Ring of the Snake":[56]},"card_choices":[{"not_picked":["Concentrate","Flechettes"],"picked":"PiercingWail","floor":1.0},{"not_picked":["Quick Slash","Dodge and Roll"],"picked":"PiercingWail","floor":4.0},{"not_picked":["Setup","Tactician"],"picked":"Dagger Throw","floor":6.0},{"not_picked":["Dagger Throw","Bouncing Flask"],"picked":"Phantasmal Killer","floor":8.0},{"not_picked":["Eviscerate","Bane"],"picked":"Dagger Spray","floor":12.0},{"not_picked":["Dagger Throw","Reflex"],"picked":"PiercingWail","floor":13.0},{"not_picked":["Eviscerate","Dagger Throw"],"picked":"Die Die Die","floor":14.0},{"not_picked":["Venomology","Glass Knife"],"picked":"Corpse Explosion","floor":16.0},{"not_picked":["Bouncing Flask","Sucker Punch"],"picked":"Backstab","floor":18.0},{"not_picked":["Dagger Spray","Flying Knee","Glass Knife"],"picked":"SKIP","floor":24.0},{"not_picked":["Catalyst","Accuracy+1"],"picked":"Skewer+1","floor":27.0},{"not_picked":["Dodge and Roll","Tools of the Trade+1","Deadly Poison"],"picked":"SKIP","floor":29.0},{"not_picked":["Setup","Sucker Punch","Flying Knee"],"picked":"SKIP","floor":30.0},{"not_picked":["Tools of the Trade+1","Envenom+1"],"picked":"Bullet Time","floor":33.0},{"not_picked":["Predator+1","Dagger Throw+1"],"picked":"Acrobatics+1","floor":35.0},{"not_picked":["Deadly Poison+1","Flying Knee+1","Deflect"],"picked":"SKIP","floor":36.0},{"not_picked":["Dagger Spray","Quick Slash"],"picked":"Acrobatics+1","floor":38.0},{"not_picked":["Slice","Underhanded Strike"],"picked":"Calculated Gamble+1","floor":40.0},{"not_picked":["PiercingWail","Deadly Poison+1"],"picked":"Burst","floor":41.0},{"not_picked":["Cloak And Dagger","Distraction+1","Backflip"],"picked":"SKIP","floor":42.0},{"not_picked":["Endless Agony","Deflect","All Out Attack"],"picked":"SKIP","floor":44.0},{"not_picked":["Flying Knee","Backflip","Skewer+1"],"picked":"SKIP","floor":46.0},{"not_picked":["Distraction","Acrobatics","Flying Knee+1"],"picked":"SKIP","floor":48.0},{"not_picked":["PiercingWail","Slice","Escape Plan"],"picked":"SKIP","floor":55.0}],"player_experience":1119056,"relics_obtained":[{"floor":6.0,"key":"Bag of Marbles"},{"floor":8.0,"key":"Bronze Scales"},{"floor":9.0,"key":"Pen Nib"},{"floor":14.0,"key":"Bottled Tornado"},{"floor":20.0,"key":"Red Mask"},{"floor":24.0,"key":"Art of War"},{"floor":26.0,"key":"Frozen Egg 2"},{"floor":27.0,"key":"Ancient Tea Set"},{"floor":29.0,"key":"Anchor"},{"floor":40.0,"key":"WingedGreaves"},{"floor":41.0,"key":"Regal Pillow"},{"floor":42.0,"key":"Lantern"},{"floor":44.0,"key":"Dead Branch"},{"floor":48.0,"key":"Dream Catcher"},{"floor":55.0,"key":"War Paint"}],"event_choices":[{"cards_removed":["Defend_G"],"damage_healed":0.0,"max_hp_gain":0.0,"max_hp_loss":0.0,"gold_gain":0.0,"event_name":"The Cleric","player_choice":"Card Removal","floor":2.0,"gold_loss":75.0,"damage_taken":0.0},{"damage_healed":0.0,"max_hp_gain":0.0,"max_hp_loss":0.0,"gold_gain":0.0,"event_name":"Scrap Ooze","player_choice":"Success","floor":5.0,"gold_loss":0.0,"damage_taken":11.0,"relics_obtained":["Bag of Preparation"]},{"damage_healed":0.0,"max_hp_gain":0.0,"max_hp_loss":0.0,"gold_gain":0.0,"event_name":"WeMeetAgain","player_choice":"Gave Potion","floor":11.0,"gold_loss":0.0,"damage_taken":0.0,"relics_obtained":["Torii"]},{"damage_healed":0.0,"max_hp_gain":5.0,"max_hp_loss":0.0,"gold_gain":0.0,"event_name":"Forgotten Altar","player_choice":"Shed Blood","floor":19.0,"gold_loss":0.0,"damage_taken":21.0},{"damage_healed":0.0,"max_hp_gain":0.0,"max_hp_loss":0.0,"gold_gain":0.0,"event_name":"Masked Bandits","player_choice":"Fought Bandits","floor":20.0,"gold_loss":0.0,"damage_taken":0.0},{"damage_healed":0.0,"max_hp_gain":0.0,"max_hp_loss":33.0,"gold_gain":0.0,"event_name":"Ghosts","player_choice":"Became a Ghost","floor":21.0,"gold_loss":0.0,"damage_taken":0.0,"cards_obtained":["Ghostly","Ghostly","Ghostly"]},{"damage_healed":0.0,"max_hp_gain":0.0,"max_hp_loss":0.0,"gold_gain":0.0,"event_name":"Lab","player_choice":"Got Potions","floor":31.0,"gold_loss":0.0,"damage_taken":0.0},{"damage_healed":0.0,"max_hp_gain":0.0,"max_hp_loss":0.0,"gold_gain":0.0,"event_name":"Designer","player_choice":"Upgrade","floor":37.0,"gold_loss":50.0,"damage_taken":0.0,"cards_upgraded":["Ghostly"]}],"is_beta":false,"boss_relics":[{"not_picked":["Tiny House","Velvet Choker"],"picked":"Sozu"},{"not_picked":["Busted Crown","Astrolabe"],"picked":"Coffee Dripper"}],"items_purged_floors":[10,28],"is_endless":false,"potions_floor_spawned":[6,13,16,18,20,30,33,36,38,40,44],"ascension_level":20}