{"gold_per_floor":[119,119,137,137,22,22,55,55,137,148,167,182,214,50,50,124,124,140,140,52,52,62,62,95,113,113,113,145,145,35,64,64,137,137,211,231,231,256,267,294,294,323,346,358,388,410,436,477,489,501,513,525,537,15,45,45],"floor_reached":57,"playtime":4439,"items_purged":["Defend_G","Shame"],"score":2951,"play_id":"ded9f56d-bb47-4b84-9868-0e18ee6666ba","local_time":"20220822181814","is_ascension_mode":true,"campfire_choices":[{"data":"Neutralize","floor":6.0,"key":"SMITH"},{"floor":8.0,"key":"REST"},{"data":"Noxious Fumes","floor":15.0,"key":"SMITH"},{"floor":23.0,"key":"REST"},{"floor":29.0,"key":"REST"},{"floor":32.0,"key":"RECALL"},{"floor":41.0,"key":"REST"},{"floor":49,"key":"REST"},{"floor":53,"key":"REST"}],"neow_cost":"NONE","seed_source_timestamp":38923495894162,"circlet_count":0,"master_deck":["AscendersBane","Survivor","Neutralize+1","Quick Slash+1","Catalyst","Noxious Fumes+1","Bouncing Flask","Bouncing Flask+1","Bullet Time+1","PiercingWail+1","Catalyst+1","Dagger Spray","Leg Sweep+1","PiercingWail+1","Die Die Die","Adrenaline+1","Malaise+1","Noxious Fumes","Blur+1","Acrobatics+1","Bullet Time+1","Well Laid Plans+1","Caltrops+1","Leg Sweep+1","PiercingWail+1","Backflip+1","Leg Sweep+1","PiercingWail+1"],"special_seed":0,"relics":["Snecko Eye","Meat on the Bone","Toxic Egg 2","Toolbox","Fusion Hammer","Happy Flower","Ice Cream","Red Mask","Vajra","Pandora\u0027s Box","Gambling Chip","MealTicket","Du-Vu Doll","MawBank","Incense Burner","Kunai","Strawberry"],"potions_floor_usage":[56,56,56,56],"damage_taken":[{"damage":0.0,"enemies":"2 Louse","floor":1.0,"turns":4.0},{"damage":6.0,"enemies":"Cultist","floor":3.0,"turns":4.0},{"damage":36.0,"enemies":"Lagavulin","floor":7.0,"turns":12.0},{"damage":13.0,"enemies":"Jaw Worm","floor":10.0,"turns":6.0},{"damage":4.0,"enemies":"Exordium Thugs","floor":11.0,"turns":5.0},{"damage":9.0,"enemies":"2 Fungi Beasts","floor":12.0,"turns":4.0},{"damage":12.0,"enemies":"3 Sentries","floor":13.0,"turns":8.0},{"damage":17.0,"enemies":"Hexaghost","floor":16.0,"turns":5.0},{"damage":18.0,"enemies":"Shell Parasite","floor":18.0,"turns":3.0},{"damage":9.0,"enemies":"3 Byrds","floor":22.0,"turns":5.0},{"damage":0.0,"enemies":"Book of Stabbing","floor":24.0,"turns":2.0},{"damage":8.0,"enemies":"Snecko","floor":25.0,"turns":3.0},{"damage":5.0,"enemies":"Masked Bandits","floor":28.0,"turns":4.0},{"damage":5.0,"enemies":"Slavers","floor":31.0,"turns":5.0},{"damage":15.0,"enemies":"Champ","floor":33.0,"turns":4.0},{"damage":3.0,"enemies":"3 Shapes","floor":35.0,"turns":6.0},{"damage":1.0,"enemies":"3 Darklings","floor":36.0,"turns":3.0},{"damage":0.0,"enemies":"Mind Bloom Boss Battle","floor":38.0,"turns":4.0},{"damage":1.0,"enemies":"Jaw Worm Horde","floor":39.0,"turns":4.0},{"damage":0.0,"enemies":"Reptomancer","floor":40.0,"turns":3.0},{"damage":0.0,"enemies":"Nemesis","floor":42.0,"turns":5.0},{"damage":4.0,"enemies":"Spire Growth","floor":45.0,"turns":3.0},{"damage":0.0,"enemies":"Writhing Mass","floor":46.0,"turns":3.0},{"damage":0.0,"enemies":"Transient","floor":47.0,"turns":6.0},{"damage":0,"enemies":"Reptomancer","floor":48,"turns":3},{"damage":15,"enemies":"Awakened One","floor":50,"turns":9},{"damage":4,"enemies":"Donu and Deca","floor":51,"turns":8},{"damage":5,"enemies":"Shield and Spear","floor":55,"turns":6},{"damage":45,"enemies":"The Heart","floor":56,"turns":7}],"seed_played":"3363116905545747590","potions_obtained":[{"floor":3.0,"key":"SpeedPotion"},{"floor":10.0,"key":"DistilledChaos"},{"floor":12.0,"key":"DuplicationPotion"},{"floor":16.0,"key":"GamblersBrew"},{"floor":18.0,"key":"SneckoOil"},{"floor":33.0,"key":"SteroidPotion"},{"floor":35.0,"key":"BlessingOfTheForge"},{"floor":42.0,"key":"Block Potion"},{"floor":45.0,"key":"Weak Potion"},{"floor":46.0,"key":"GamblersBrew"},{"floor":48,"key":"CunningPotion"}],"is_trial":false,"path_per_floor":["M","?","M","?","$","R","E","R","T","M","M","M","E","$","R","B",null,"M","?","$","?","M","R","E","M","T","?","?","R","?","E","R","B",null,"M","M","?","?","M","E","R","E","T","?","M","M","M","E","R","B","B",null,"R","$","E","B",null],"character_chosen":"THE_SILENT","items_purchased":["Catalyst","Toolbox","Catalyst+1","Leg Sweep+1","Kunai","EntropicBrew"],"campfire_rested":6,"item_purchase_floors":[5,14,20,54,54,54],"current_hp_per_floor":[59,59,53,53,53,53,17,36,36,35,43,34,34,34,34,29,57,39,39,39,39,42,61,61,53,53,53,48,66,66,61,61,46,61,58,57,57,57,56,56,63,63,63,53,49,49,49,49,63,48,44,58,63,63,65,32],"gold":45,"neow_bonus":"BOSS_RELIC","is_prod":false,"is_daily":false,"chose_seed":false,"campfire_upgraded":2,"win_rate":0,"timestamp":1661217494,"path_taken":["M","?","?","?","$","R","E","R","T","M","M","M","E","?","R","BOSS","M","?","$","?","?","R","E","M","T","?","?","R","?","E","R","BOSS","M","M","?","?","M","E","R","E","T","?","M","M","M","E","R","BOSS","BOSS","R","$","E","BOSS"],"build_version":"2022-03-07","purchased_purges":2,"victory":true,"max_hp_per_floor":[66,66,66,66,66,66,66,66,66,66,66,66,66,66,66,66,66,66,66,66,66,66,66,66,66,66,66,66,66,66,66,66,66,66,66,66,63,63,63,63,63,63,63,63,63,63,63,63,63,63,63,63,63,63,70,70],"relic_stats":{"Ice Cream":[145],"Happy Flower":[31],"counters":[29,144],"Gambling Chip":[23],"Snecko Eye":[268,261,265,268,-383],"Pandora\u0027s Box":["Adrenaline","Malaise","Noxious Fumes","Blur","Acrobatics","Bullet Time"],"MealTicket":0,"Kunai":[0],"MawBank":132,"obtain_stats":[{"Ice Cream":24,"Happy Flower":19,"Vajra":31,"Incense Burner":48,"MawBank":43,"Du-Vu Doll":42,"Gambling Chip":38,"Strawberry":55,"Snecko Eye":0,"Toolbox":14,"Pandora\u0027s Box":34,"MealTicket":40,"Fusion Hammer":17,"Red Mask":28,"Kunai":54,"Toxic Egg 2":13,"Ring of the Snake":0,"Meat on the Bone":9},{"Ice Cream":11,"Happy Flower":9,"Vajra":14,"Incense Burner":25,"MawBank":21,"Du-Vu Doll":21,"Gambling Chip":18,"Strawberry":28,"Snecko Eye":0,"Toolbox":7,"Pandora\u0027s Box":15,"MealTicket":20,"Fusion Hammer":8,"Red Mask":13,"Kunai":27,"Toxic Egg 2":7,"Ring of the Snake":0,"Meat on the Bone":3},{"Ice Cream":58,"Happy Flower":51,"Vajra":70,"Incense Burner":114,"MawBank":99,"Du-Vu Doll":99,"Gambling Chip":87,"Strawberry":137,"Snecko Eye":0,"Toolbox":43,"Pandora\u0027s Box":74,"MealTicket":94,"Fusion Hammer":48,"Red Mask":65,"Kunai":131,"Toxic Egg 2":43,"Ring of the Snake":0,"Meat on the Bone":20}],"Meat on the Bone":72},"card_choices":[{"not_picked":["Prepared","Blur"],"picked":"Quick Slash","floor":1.0},{"not_picked":["Accuracy","Dodge and Roll","Masterful Stab"],"picked":"SKIP","floor":3.0},{"not_picked":["Prepared","Acrobatics"],"picked":"Noxious Fumes","floor":7.0},{"not_picked":["Deflect","Blade Dance","Tactician"],"picked":"SKIP","floor":10.0},{"not_picked":["Dagger Throw","Calculated Gamble","Dagger Spray"],"picked":"SKIP","floor":11.0},{"not_picked":["Dagger Throw","Blade Dance"],"picked":"Bouncing Flask","floor":12.0},{"not_picked":["Dagger Throw","Dagger Spray"],"picked":"Bouncing Flask+1","floor":13.0},{"not_picked":["Wraith Form v2","Adrenaline+1"],"picked":"Bullet Time+1","floor":16.0},{"not_picked":["Footwork","Outmaneuver+1"],"picked":"PiercingWail+1","floor":18.0},{"not_picked":["Dagger Throw","Poisoned Stab","Underhanded Strike"],"picked":"SKIP","floor":22.0},{"not_picked":["Backflip+1","Well Laid Plans"],"picked":"Leg Sweep+1","floor":24.0},{"not_picked":["Dagger Throw","Slice"],"picked":"PiercingWail+1","floor":25.0},{"not_picked":["Outmaneuver+1","Storm of Steel+1","Dagger Throw"],"picked":"SKIP","floor":31.0},{"not_picked":["Unload","Storm of Steel+1"],"picked":"Die Die Die","floor":33.0},{"not_picked":["Sucker Punch+1","Bane","Slice"],"picked":"SKIP","floor":35.0},{"not_picked":["Outmaneuver+1","Dagger Spray","Cloak And Dagger+1"],"picked":"SKIP","floor":36.0},{"not_picked":["Eviscerate","Blade Dance+1","Quick Slash"],"picked":"SKIP","floor":39.0},{"not_picked":["Backflip+1","Sucker Punch+1"],"picked":"Well Laid Plans+1","floor":40.0},{"not_picked":["Poisoned Stab","Sucker Punch"],"picked":"Caltrops+1","floor":42.0},{"not_picked":["Heel Hook","Backflip+1"],"picked":"Leg Sweep+1","floor":45.0},{"not_picked":["Underhanded Strike","Prepared+1","Dagger Throw"],"picked":"SKIP","floor":46.0},{"not_picked":["Prepared+1","Bouncing Flask+1"],"picked":"PiercingWail+1","floor":47.0},{"not_picked":["Tactician+1","Flechettes"],"picked":"Backflip+1","floor":48},{"not_picked":["Outmaneuver+1","Dagger Throw+1"],"picked":"PiercingWail+1","floor":55}],"player_experience":1065571,"relics_obtained":[{"floor":9.0,"key":"Meat on the Bone"},{"floor":13.0,"key":"Toxic Egg 2"},{"floor":24.0,"key":"Ice Cream"},{"floor":28.0,"key":"Red Mask"},{"floor":31.0,"key":"Vajra"},{"floor":38.0,"key":"Gambling Chip"},{"floor":40.0,"key":"MealTicket"},{"floor":42.0,"key":"Du-Vu Doll"},{"floor":43.0,"key":"MawBank"},{"floor":48,"key":"Incense Burner"},{"floor":55,"key":"Strawberry"}],"event_choices":[{"damage_healed":0.0,"max_hp_gain":0.0,"max_hp_loss":0.0,"gold_gain":0.0,"event_name":"Upgrade Shrine","player_choice":"Upgraded","floor":2.0,"gold_loss":0.0,"damage_taken":0.0,"cards_upgraded":["Quick Slash"]},{"cards_removed":["Strike_G"],"damage_healed":0.0,"max_hp_gain":0.0,"max_hp_loss":0.0,"gold_gain":0.0,"event_name":"Bonfire Elementals","player_choice":"Offered Basic","floor":4.0,"gold_loss":0.0,"damage_taken":0.0},{"damage_healed":0.0,"max_hp_gain":0.0,"max_hp_loss":0.0,"gold_gain":0.0,"event_name":"Addict","player_choice":"Stole Relic","floor":19.0,"gold_loss":0.0,"damage_taken":0.0,"relics_obtained":["Happy Flower"],"cards_obtained":["Shame"]},{"damage_healed":0.0,"max_hp_gain":0.0,"max_hp_loss":0.0,"gold_gain":0.0,"cards_transformed":["Defend_G"],"event_name":"Transmorgrifier","player_choice":"Transformed","floor":21.0,"gold_loss":0.0,"damage_taken":0.0,"cards_obtained":["Dagger Spray"]},{"damage_healed":0.0,"max_hp_gain":0.0,"max_hp_loss":0.0,"gold_gain":0.0,"event_name":"Ghosts","player_choice":"Ignored","floor":27.0,"gold_loss":0.0,"damage_taken":0.0},{"damage_healed":0.0,"max_hp_gain":0.0,"max_hp_loss":0.0,"gold_gain":0.0,"event_name":"Masked Bandits","player_choice":"Fought Bandits","floor":28.0,"gold_loss":0.0,"damage_taken":0.0},{"cards_removed":["Strike_G"],"damage_healed":0.0,"max_hp_gain":0.0,"max_hp_loss":0.0,"gold_gain":0.0,"event_name":"Designer","player_choice":"Upgrade and Remove","floor":30.0,"gold_loss":110.0,"damage_taken":0.0,"cards_upgraded":["Strike_G"]},{"damage_healed":0.0,"max_hp_gain":0.0,"max_hp_loss":3.0,"gold_gain":0.0,"event_name":"Winding Halls","player_choice":"Max HP","floor":37.0,"gold_loss":0.0,"damage_taken":0.0},{"damage_healed":0.0,"max_hp_gain":0.0,"max_hp_loss":0.0,"gold_gain":0.0,"event_name":"MindBloom","player_choice":"Fight","floor":38.0,"gold_loss":0.0,"damage_taken":0.0},{"damage_healed":0.0,"max_hp_gain":0.0,"max_hp_loss":0.0,"gold_gain":0.0,"event_name":"SensoryStone","player_choice":"Memory 3","floor":44.0,"gold_loss":0.0,"damage_taken":10.0}],"is_beta":false,"boss_relics":[{"not_picked":["Busted Crown","SacredBark"],"picked":"Fusion Hammer"},{"not_picked":["Runic Dome","Black Star"],"picked":"Pandora\u0027s Box"}],"items_purged_floors":[5,54],"is_endless":false,"potions_floor_spawned":[3,10,12,16,18,33,35,42,45,46,48],"ascension_level":20}