{"gold_per_floor":[360,374,374,205,205,205,243,243,243,278,278,45,66,90,90,181,181,196,217,257,169,185,185,235,274,274,274,309,309,350,350,350,350],"floor_reached":33,"playtime":1821,"items_purged":["Strike_G"],"score":768,"play_id":"d63169ec-4bbb-4ed2-adea-629f3dc63646","local_time":"20220826005943","is_ascension_mode":true,"campfire_choices":[{"data":"Bouncing Flask","floor":6.0,"key":"SMITH"},{"data":"Crippling Poison","floor":8.0,"key":"SMITH"},{"data":"Poisoned Stab","floor":11.0,"key":"SMITH"},{"data":"After Image","floor":15.0,"key":"SMITH"},{"data":"Wraith Form v2","floor":23.0,"key":"SMITH"},{"floor":27.0,"key":"REST"},{"data":"Noxious Fumes","floor":32,"key":"SMITH"}],"neow_cost":"TEN_PERCENT_HP_LOSS","seed_source_timestamp":258739320550835,"circlet_count":0,"master_deck":["AscendersBane","Strike_G","Strike_G","Strike_G","Strike_G","Defend_G","Defend_G","Defend_G","Defend_G","Defend_G","Survivor","Neutralize","Deflect","Poisoned Stab+1","Bouncing Flask+1","Masterful Stab","Crippling Poison+1","Backflip","After Image+1","Wraith Form v2+1","Leg Sweep","Escape Plan","Backstab","Deadly Poison+1","Noxious Fumes+1"],"special_seed":0,"relics":["Ring of the Snake","Golden Idol","Orichalcum","Strawberry","Ninja Scroll","Boot","Bag of Marbles","SlaversCollar","Red Mask","Anchor","Pear","Matryoshka","Peace Pipe"],"potions_floor_usage":[],"damage_taken":[{"damage":9.0,"enemies":"Jaw Worm","floor":1.0,"turns":6.0},{"damage":2.0,"enemies":"Cultist","floor":2.0,"turns":5.0},{"damage":21.0,"enemies":"3 Sentries","floor":7.0,"turns":11.0},{"damage":2.0,"enemies":"Gremlin Nob","floor":10.0,"turns":3.0},{"damage":0.0,"enemies":"Small Slimes","floor":13.0,"turns":1.0},{"damage":0.0,"enemies":"3 Louse","floor":14.0,"turns":2.0},{"damage":0.0,"enemies":"The Guardian","floor":16.0,"turns":8.0},{"damage":0.0,"enemies":"Spheric Guardian","floor":18.0,"turns":3.0},{"damage":17.0,"enemies":"3 Byrds","floor":19.0,"turns":4.0},{"damage":15.0,"enemies":"Masked Bandits","floor":20.0,"turns":4.0},{"damage":8.0,"enemies":"Centurion and Healer","floor":22.0,"turns":10.0},{"damage":11.0,"enemies":"Book of Stabbing","floor":25.0,"turns":6.0},{"damage":0.0,"enemies":"Gremlin Leader","floor":28.0,"turns":6.0},{"damage":7,"enemies":"Book of Stabbing","floor":30,"turns":6},{"damage":85,"enemies":"Collector","floor":33,"turns":5}],"seed_played":"-1427725282036525993","potions_obtained":[{"floor":1.0,"key":"Energy Potion"},{"floor":7.0,"key":"FairyPotion"},{"floor":13.0,"key":"Strength Potion"},{"floor":22.0,"key":"Energy Potion"}],"is_trial":false,"path_per_floor":["M","M","?","$","?","R","E","R","T","E","R","$","M","M","R","B",null,"M","M","?","$","M","R","?","E","T","R","E","?","E","$","R","B"],"character_chosen":"THE_SILENT","items_purchased":["Bouncing Flask","Masterful Stab","Bag of Marbles","Backstab"],"campfire_rested":1,"item_purchase_floors":[4,4,12,21],"current_hp_per_floor":[50,48,48,48,48,48,34,34,34,32,32,32,32,32,32,32,54,54,37,22,22,14,14,14,3,13,34,34,34,27,27,27,0],"gold":350,"neow_bonus":"TWO_FIFTY_GOLD","is_prod":false,"is_daily":false,"chose_seed":false,"campfire_upgraded":6,"win_rate":0,"timestamp":1661500783,"path_taken":["M","M","?","$","?","R","E","R","T","E","R","$","?","M","R","BOSS","M","M","?","$","M","R","?","E","T","R","E","?","E","$","R","BOSS"],"build_version":"2022-03-07","purchased_purges":1,"victory":false,"max_hp_per_floor":[60,60,54,54,54,54,61,61,61,61,61,61,61,61,61,61,61,61,61,61,61,61,61,61,61,71,71,71,71,71,71,71,71],"relic_stats":{"Peace Pipe":0,"Matryoshka":0,"counters":[15,80],"Golden Idol":83,"Orichalcum":[108],"Boot":[38],"obtain_stats":[{"Pear":26,"Golden Idol":3,"Orichalcum":5,"Boot":10,"Peace Pipe":30,"SlaversCollar":17,"Anchor":25,"Matryoshka":28,"Ninja Scroll":9,"Strawberry":7,"Bag of Marbles":12,"Red Mask":20,"Ring of the Snake":0},{"Pear":12,"Golden Idol":2,"Orichalcum":2,"Boot":4,"Peace Pipe":14,"SlaversCollar":7,"Anchor":12,"Matryoshka":13,"Ninja Scroll":3,"Strawberry":3,"Bag of Marbles":4,"Red Mask":10,"Ring of the Snake":0},{"Pear":63,"Golden Idol":11,"Orichalcum":11,"Boot":25,"Peace Pipe":75,"SlaversCollar":36,"Anchor":63,"Matryoshka":69,"Ninja Scroll":22,"Strawberry":22,"Bag of Marbles":25,"Red Mask":47,"Ring of the Snake":0}],"Ring of the Snake":[30]},"card_choices":[{"not_picked":["Expertise","Escape Plan"],"picked":"Deflect","floor":1.0},{"not_picked":["Slice","Quick Slash"],"picked":"Poisoned Stab","floor":2.0},{"not_picked":["Setup","Bane"],"picked":"Crippling Poison","floor":7.0},{"not_picked":["Bane","Infinite Blades"],"picked":"Backflip","floor":10.0},{"not_picked":["Slice","Poisoned Stab"],"picked":"After Image","floor":13.0},{"not_picked":["Dagger Throw","Deadly Poison","Blade Dance"],"picked":"SKIP","floor":14.0},{"not_picked":["Doppelganger","Bullet Time"],"picked":"Wraith Form v2","floor":16.0},{"not_picked":["Underhanded Strike","Predator","Endless Agony"],"picked":"SKIP","floor":18.0},{"not_picked":["Slice","Sucker Punch"],"picked":"Leg Sweep","floor":19.0},{"not_picked":["Bane","Crippling Poison"],"picked":"Escape Plan","floor":20.0},{"not_picked":["Dagger Spray","Cloak And Dagger"],"picked":"Deadly Poison+1","floor":22.0},{"not_picked":["Calculated Gamble","Underhanded Strike"],"picked":"Noxious Fumes","floor":25.0},{"not_picked":["Finisher","Deflect","Underhanded Strike"],"picked":"SKIP","floor":28.0},{"not_picked":["Backstab","Sucker Punch","Cloak And Dagger"],"picked":"SKIP","floor":30}],"player_experience":1111744,"relics_obtained":[{"floor":7.0,"key":"Strawberry"},{"floor":9.0,"key":"Ninja Scroll"},{"floor":10.0,"key":"Boot"},{"floor":20.0,"key":"Red Mask"},{"floor":25.0,"key":"Anchor"},{"floor":26.0,"key":"Pear"},{"floor":28.0,"key":"Matryoshka"},{"floor":30,"key":"Peace Pipe"}],"event_choices":[{"damage_healed":0.0,"max_hp_gain":0.0,"max_hp_loss":6.0,"gold_gain":0.0,"event_name":"Golden Idol","player_choice":"Lose Max HP","floor":3.0,"gold_loss":0.0,"damage_taken":0.0,"relics_obtained":["Golden Idol"]},{"damage_healed":0.0,"max_hp_gain":0.0,"max_hp_loss":0.0,"gold_gain":0.0,"event_name":"WeMeetAgain","player_choice":"Gave Potion","floor":5.0,"gold_loss":0.0,"damage_taken":0.0,"relics_obtained":["Orichalcum"]},{"damage_healed":0.0,"max_hp_gain":0.0,"max_hp_loss":0.0,"gold_gain":0.0,"event_name":"Masked Bandits","player_choice":"Fought Bandits","floor":20.0,"gold_loss":0.0,"damage_taken":0.0},{"damage_healed":0.0,"max_hp_gain":0.0,"max_hp_loss":0.0,"gold_gain":50.0,"event_name":"Nest","player_choice":"Stole From Cult","floor":24.0,"gold_loss":0.0,"damage_taken":0.0},{"damage_healed":0,"gold_gain":0,"player_choice":"Ignored","damage_taken":0,"max_hp_gain":0,"max_hp_loss":0,"event_name":"The Mausoleum","floor":29,"gold_loss":0}],"is_beta":false,"boss_relics":[{"not_picked":["Philosopher\u0027s Stone","Ring of the Serpent"],"picked":"SlaversCollar"}],"items_purged_floors":[12],"is_endless":false,"potions_floor_spawned":[1,7,13,16,19,22],"killed_by":"Collector","ascension_level":20}