{"gold_per_floor":[115,129,129,148,148,148,177,177,245,265,299,299,309,335,335,412,412,425,445,445,49,67,98,108,133,186,202,202,217,217,244,244,317,317,333,344,244,261,281,308,308,339,339,371,371,371,390,408,408,408,408,408,408,29,61,61],"floor_reached":57,"playtime":7153,"items_purged":["Defend_G","Strike_G"],"score":2873,"play_id":"5454c6fe-8f6d-4221-85fc-4a7781b03705","local_time":"20220820233053","is_ascension_mode":true,"campfire_choices":[{"floor":6.0,"key":"REST"},{"floor":8.0,"key":"REST"},{"floor":15.0,"key":"REST"},{"floor":28.0,"key":"REST"},{"floor":30.0,"key":"REST"},{"floor":32.0,"key":"RECALL"}],"neow_cost":"NONE","seed_source_timestamp":0,"circlet_count":0,"master_deck":["AscendersBane","Strike_G","Strike_G+1","Strike_G","Defend_G","Defend_G","Defend_G+1","Defend_G","Survivor","Neutralize","Underhanded Strike","Dagger Throw+1","Backflip","PiercingWail","Caltrops","Choke","Well Laid Plans","Burst","CurseOfTheBell","Acrobatics","Noxious Fumes+1","Blade Dance","Apotheosis","Finesse","PiercingWail","PiercingWail+1","Calculated Gamble","Malaise","Leg Sweep+1","Crippling Poison","Wraith Form v2","Skewer+1","Backstab+1","Choke+1","Catalyst"],"special_seed":0,"relics":["Fusion Hammer","Whetstone","Matryoshka","White Beast Statue","Dead Branch","Pantograph","Calling Bell","Centennial Puzzle","Singing Bowl","Prayer Wheel","The Specimen","Molten Egg 2","Bronze Scales","Orichalcum","Coffee Dripper","Darkstone Periapt","Vajra","Blue Candle","CaptainsWheel","Incense Burner","Mercury Hourglass"],"potions_floor_usage":[55,56,56],"damage_taken":[{"damage":0.0,"enemies":"Small Slimes","floor":1.0,"turns":5.0},{"damage":0.0,"enemies":"Jaw Worm","floor":2.0,"turns":3.0},{"damage":0.0,"enemies":"Cultist","floor":4.0,"turns":3.0},{"damage":26.0,"enemies":"Lagavulin","floor":7.0,"turns":9.0},{"damage":7.0,"enemies":"Gremlin Gang","floor":10.0,"turns":5.0},{"damage":28.0,"enemies":"Gremlin Nob","floor":11.0,"turns":4.0},{"damage":0.0,"enemies":"2 Fungi Beasts","floor":13.0,"turns":4.0},{"damage":15.0,"enemies":"3 Sentries","floor":14.0,"turns":6.0},{"damage":25.0,"enemies":"Slime Boss","floor":16.0,"turns":11.0},{"damage":9.0,"enemies":"Spheric Guardian","floor":18.0,"turns":4.0},{"damage":3.0,"enemies":"3 Byrds","floor":19.0,"turns":3.0},{"damage":13.0,"enemies":"3 Cultists","floor":22.0,"turns":5.0},{"damage":11.0,"enemies":"Book of Stabbing","floor":23.0,"turns":5.0},{"damage":6.0,"enemies":"Snecko","floor":24.0,"turns":6.0},{"damage":12.0,"enemies":"Gremlin Leader","floor":25.0,"turns":5.0},{"damage":1.0,"enemies":"Centurion and Healer","floor":27.0,"turns":5.0},{"damage":0.0,"enemies":"3 Cultists","floor":29.0,"turns":4.0},{"damage":4.0,"enemies":"Slavers","floor":31.0,"turns":4.0},{"damage":35.0,"enemies":"Collector","floor":33.0,"turns":11.0},{"damage":3.0,"enemies":"3 Shapes","floor":35.0,"turns":6.0},{"damage":4.0,"enemies":"Orb Walker","floor":36.0,"turns":4.0},{"damage":2.0,"enemies":"4 Shapes","floor":38.0,"turns":4.0},{"damage":27.0,"enemies":"Spire Growth","floor":39.0,"turns":6.0},{"damage":15.0,"enemies":"Nemesis","floor":40.0,"turns":6.0},{"damage":34.0,"enemies":"Reptomancer","floor":42.0,"turns":5.0},{"damage":20.0,"enemies":"Giant Head","floor":44.0,"turns":7.0},{"damage":0.0,"enemies":"3 Darklings","floor":47.0,"turns":4.0},{"damage":0.0,"enemies":"4 Shapes","floor":48.0,"turns":6.0},{"damage":16.0,"enemies":"Donu and Deca","floor":50.0,"turns":10.0},{"damage":46.0,"enemies":"Awakened One","floor":51.0,"turns":19.0},{"damage":26,"enemies":"Shield and Spear","floor":55,"turns":9},{"damage":37,"enemies":"The Heart","floor":56,"turns":9}],"seed_played":"5875485844688901992","potions_obtained":[{"floor":2.0,"key":"Dexterity Potion"},{"floor":7.0,"key":"LiquidBronze"},{"floor":13.0,"key":"Block Potion"},{"floor":14.0,"key":"Fruit Juice"},{"floor":16.0,"key":"SpeedPotion"},{"floor":18.0,"key":"SpeedPotion"},{"floor":22.0,"key":"FearPotion"},{"floor":23.0,"key":"Strength Potion"},{"floor":25.0,"key":"ColorlessPotion"},{"floor":27.0,"key":"Block Potion"},{"floor":31.0,"key":"AttackPotion"},{"floor":33.0,"key":"Block Potion"},{"floor":36.0,"key":"Regen Potion"},{"floor":39.0,"key":"PowerPotion"},{"floor":42.0,"key":"SneckoOil"},{"floor":44.0,"key":"SteroidPotion"},{"floor":46.0,"key":"Swift Potion"},{"floor":47.0,"key":"Block Potion"},{"floor":55,"key":"Weak Potion"}],"is_trial":false,"path_per_floor":["M","M","?","M","?","R","E","R","T","M","E","T","M","E","R","B",null,"M","M","?","$","M","E","M","E","T","M","R","M","R","E","R","B",null,"M","M","$","M","M","E","?","E","T","E","?","?","M","M","R","B","B",null,"R","$","E","B",null],"character_chosen":"THE_SILENT","items_purchased":["Apotheosis","Finesse","PiercingWail","Incense Burner","PowerPotion"],"campfire_rested":5,"item_purchase_floors":[21,21,21,54,54],"current_hp_per_floor":[59,59,64,64,43,64,38,59,59,52,24,24,24,14,36,36,66,59,56,56,56,45,36,32,22,22,25,52,56,84,82,82,61,87,88,86,86,86,76,63,63,29,29,9,11,11,15,17,17,26,5,88,88,88,62,50],"gold":61,"neow_bonus":"BOSS_RELIC","is_prod":false,"is_daily":false,"chose_seed":false,"campfire_upgraded":0,"win_rate":0,"timestamp":1661063453,"path_taken":["M","M","?","M","?","R","E","R","T","M","E","?","?","E","R","BOSS","BOSS","M","M","?","$","M","E","?","E","T","M","R","M","R","E","R","BOSS","M","?","$","M","M","E","?","E","T","E","?","?","M","?","R","BOSS","BOSS","R","$","E","BOSS"],"build_version":"2022-03-07","purchased_purges":2,"victory":true,"max_hp_per_floor":[66,66,71,71,71,71,71,71,71,71,71,71,71,76,76,76,76,78,78,78,78,80,82,84,86,86,90,90,94,94,96,96,96,96,100,102,102,104,106,108,108,108,108,108,110,110,114,116,116,116,116,116,116,116,116,116],"relic_stats":{"Darkstone Periapt":0,"Singing Bowl":40,"The Specimen":[162],"counters":[32,197],"Dead Branch":[337],"Blue Candle":[4],"Whetstone":["Strike_G","Strike_G"],"Orichalcum":[150],"White Beast Statue":[0.0,0.0,0.0,0.4,0.0,0.6000000000000001,0.0,0.0,0.0,0.0,0.0,10.764795955200004],"Mercury Hourglass":[27],"Centennial Puzzle":[60],"Matryoshka":2,"Pantograph":114,"Bronze Scales":[454],"Prayer Wheel":12,"obtain_stats":[{"Darkstone Periapt":40,"Singing Bowl":17,"The Specimen":23,"Dead Branch":12,"Blue Candle":43,"Vajra":42,"Incense Burner":54,"Whetstone":7,"Orichalcum":31,"White Beast Statue":11,"Mercury Hourglass":55,"Calling Bell":17,"Centennial Puzzle":17,"CaptainsWheel":44,"Matryoshka":9,"Pantograph":14,"Bronze Scales":26,"Prayer Wheel":17,"Molten Egg 2":25,"Fusion Hammer":0,"Coffee Dripper":34,"Ring of the Snake":0},{"Darkstone Periapt":24,"Singing Bowl":9,"The Specimen":13,"Dead Branch":6,"Blue Candle":25,"Vajra":25,"Incense Burner":30,"Whetstone":4,"Orichalcum":18,"White Beast Statue":6,"Mercury Hourglass":31,"Calling Bell":9,"Centennial Puzzle":9,"CaptainsWheel":26,"Matryoshka":4,"Pantograph":8,"Bronze Scales":15,"Prayer Wheel":9,"Molten Egg 2":15,"Fusion Hammer":0,"Coffee Dripper":19,"Ring of the Snake":0},{"Darkstone Periapt":128,"Singing Bowl":50,"The Specimen":67,"Dead Branch":29,"Blue Candle":133,"Vajra":133,"Incense Burner":179,"Whetstone":20,"Orichalcum":91,"White Beast Statue":29,"Mercury Hourglass":188,"Calling Bell":50,"Centennial Puzzle":50,"CaptainsWheel":140,"Matryoshka":20,"Pantograph":39,"Bronze Scales":78,"Prayer Wheel":50,"Molten Egg 2":78,"Fusion Hammer":0,"Coffee Dripper":102,"Ring of the Snake":0}]},"card_choices":[{"not_picked":["Quick Slash","Expertise"],"picked":"Underhanded Strike","floor":1.0},{"not_picked":["Backflip","Outmaneuver"],"picked":"Dagger Throw","floor":2.0},{"not_picked":["PiercingWail","Prepared"],"picked":"Backflip","floor":4.0},{"not_picked":["Dodge and Roll","Prepared"],"picked":"PiercingWail","floor":7.0},{"not_picked":["Dodge and Roll","Outmaneuver"],"picked":"Caltrops","floor":10.0},{"not_picked":["Cloak And Dagger","Finisher"],"picked":"Choke","floor":11.0},{"not_picked":["Skewer","Setup"],"picked":"Well Laid Plans","floor":13.0},{"not_picked":["Deadly Poison","Flechettes","Well Laid Plans"],"picked":"SKIP","floor":14.0},{"not_picked":["Envenom","Unload"],"picked":"Burst","floor":16.0},{"not_picked":["Flying Knee","Quick Slash"],"picked":"Acrobatics","floor":18.0},{"not_picked":["Dagger Throw","Poisoned Stab","Outmaneuver"],"picked":"Singing Bowl","floor":18.0},{"not_picked":["Prepared","Outmaneuver+1"],"picked":"Noxious Fumes","floor":19.0},{"not_picked":["Underhanded Strike","Sucker Punch"],"picked":"Blade Dance","floor":19.0},{"not_picked":["Flying Knee","Envenom"],"picked":"PiercingWail+1","floor":22.0},{"not_picked":["Backflip","Acrobatics","Dagger Spray"],"picked":"Singing Bowl","floor":22.0},{"not_picked":["Expertise","Venomology","Escape Plan"],"picked":"Singing Bowl","floor":23.0},{"not_picked":["Deadly Poison+1","Outmaneuver"],"picked":"Calculated Gamble","floor":24.0},{"not_picked":["Sucker Punch","Dodge and Roll","Outmaneuver"],"picked":"Singing Bowl","floor":24.0},{"not_picked":["Dagger Spray+1","Outmaneuver","Deadly Poison"],"picked":"Singing Bowl","floor":25.0},{"not_picked":["Slice+1","Riddle With Holes+1","Grand Finale+1"],"picked":"Singing Bowl","floor":27.0},{"not_picked":["Dagger Throw+1","Underhanded Strike+1","Blur"],"picked":"Singing Bowl","floor":27.0},{"not_picked":["Dagger Spray+1","Poisoned Stab+1","Acrobatics"],"picked":"Singing Bowl","floor":29.0},{"not_picked":["Outmaneuver+1","Eviscerate+1","Distraction"],"picked":"Singing Bowl","floor":29.0},{"not_picked":["Grand Finale+1","Backflip","PiercingWail"],"picked":"Singing Bowl","floor":31.0},{"not_picked":["Venomology","Envenom"],"picked":"Malaise","floor":33.0},{"not_picked":["Outmaneuver+1","Dagger Spray+1","Dodge and Roll"],"picked":"Singing Bowl","floor":35.0},{"not_picked":["Bane+1","Dagger Throw+1","Flying Knee+1"],"picked":"Singing Bowl","floor":35.0},{"not_picked":["Quick Slash+1","Poisoned Stab+1","Dagger Throw+1"],"picked":"Singing Bowl","floor":36.0},{"not_picked":["PiercingWail","Sucker Punch+1"],"picked":"Leg Sweep+1","floor":36.0},{"not_picked":["All Out Attack+1","Flechettes+1","Deadly Poison"],"picked":"Singing Bowl","floor":38.0},{"not_picked":["Cloak And Dagger+1","Escape Plan"],"picked":"Crippling Poison","floor":38.0},{"not_picked":["Quick Slash+1","Acrobatics"],"picked":"Wraith Form v2","floor":39.0},{"not_picked":["Outmaneuver+1","Backflip","Deadly Poison+1"],"picked":"Singing Bowl","floor":39.0},{"not_picked":["Deflect","Poisoned Stab+1","Dash+1"],"picked":"Singing Bowl","floor":40.0},{"not_picked":["Dagger Spray+1","Bane+1"],"picked":"Skewer+1","floor":42.0},{"not_picked":["Endless Agony+1","Blade Dance"],"picked":"Backstab+1","floor":44.0},{"not_picked":["PanicButton","Enlightenment","Metamorphosis"],"picked":"Singing Bowl","floor":45.0},{"not_picked":["Endless Agony+1","Deflect","Skewer+1"],"picked":"Singing Bowl","floor":47.0},{"not_picked":["Poisoned Stab+1","Eviscerate+1","Escape Plan"],"picked":"Singing Bowl","floor":47.0},{"not_picked":["Flechettes+1","Reflex","Prepared"],"picked":"Singing Bowl","floor":48.0},{"not_picked":["Sucker Punch+1","Noxious Fumes"],"picked":"Choke+1","floor":48.0},{"not_picked":["All Out Attack+1","Cloak And Dagger"],"picked":"Catalyst","floor":55}],"player_experience":1052928,"relics_obtained":[{"floor":7.0,"key":"Whetstone"},{"floor":9.0,"key":"Matryoshka"},{"floor":11.0,"key":"White Beast Statue"},{"floor":12.0,"key":"Dead Branch"},{"floor":14.0,"key":"Pantograph"},{"floor":17.0,"key":"Centennial Puzzle"},{"floor":17.0,"key":"Singing Bowl"},{"floor":17.0,"key":"Prayer Wheel"},{"floor":23.0,"key":"The Specimen"},{"floor":25.0,"key":"Molten Egg 2"},{"floor":26.0,"key":"Bronze Scales"},{"floor":31.0,"key":"Orichalcum"},{"floor":40.0,"key":"Darkstone Periapt"},{"floor":42.0,"key":"Vajra"},{"floor":43.0,"key":"Blue Candle"},{"floor":44.0,"key":"CaptainsWheel"},{"floor":55,"key":"Mercury Hourglass"}],"event_choices":[{"damage_healed":0.0,"max_hp_gain":5.0,"max_hp_loss":0.0,"gold_gain":0.0,"event_name":"Big Fish","player_choice":"Donut","floor":3.0,"gold_loss":0.0,"damage_taken":0.0},{"damage_healed":0.0,"max_hp_gain":0.0,"max_hp_loss":0.0,"gold_gain":0.0,"event_name":"Shining Light","player_choice":"Entered Light","floor":5.0,"gold_loss":0.0,"damage_taken":21.0,"cards_upgraded":["Dagger Throw","Defend_G"]},{"damage_healed":0.0,"max_hp_gain":0.0,"max_hp_loss":0.0,"gold_gain":0.0,"event_name":"Upgrade Shrine","player_choice":"Upgraded","floor":20.0,"gold_loss":0.0,"damage_taken":0.0,"cards_upgraded":["Noxious Fumes"]},{"cards_removed":["Strike_G"],"damage_healed":0.0,"max_hp_gain":0.0,"max_hp_loss":0.0,"gold_gain":0.0,"event_name":"Falling","player_choice":"Removed Attack","floor":41.0,"gold_loss":0.0,"damage_taken":0.0},{"damage_healed":0.0,"max_hp_gain":0.0,"max_hp_loss":0.0,"gold_gain":0.0,"event_name":"SensoryStone","player_choice":"Memory 1","floor":45.0,"gold_loss":0.0,"damage_taken":0.0},{"damage_healed":0.0,"max_hp_gain":0.0,"max_hp_loss":0.0,"gold_gain":0.0,"event_name":"Lab","player_choice":"Got Potions","floor":46.0,"gold_loss":0.0,"damage_taken":0.0}],"is_beta":false,"boss_relics":[{"not_picked":["SacredBark","Busted Crown"],"picked":"Calling Bell"},{"not_picked":["Runic Dome","HoveringKite"],"picked":"Coffee Dripper"}],"items_purged_floors":[21,37],"is_endless":false,"potions_floor_spawned":[2,7,13,14,16,18,19,22,23,24,25,27,29,31,33,35,36,38,39,40,42,44,47,48,55],"ascension_level":20}