{"gold_per_floor":[20,36,53,18,18,18,49,49,74,84,34,52,52],"floor_reached":13,"playtime":534,"items_purged":["Strike_G"],"score":170,"play_id":"d880ce54-9ff3-4b8a-be3f-85962bb14f67","local_time":"20220822165441","is_ascension_mode":true,"campfire_choices":[{"data":"Neutralize","floor":6,"key":"SMITH"},{"data":"Bouncing Flask","floor":8,"key":"SMITH"}],"neow_cost":"NO_GOLD","seed_source_timestamp":38362455748478,"circlet_count":0,"master_deck":["AscendersBane","Strike_G","Strike_G","Strike_G","Strike_G","Defend_G","Defend_G","Defend_G","Defend_G","Defend_G","Survivor","Neutralize+1","Heel Hook","Dagger Throw","Bouncing Flask+1","Terror","Poisoned Stab","Leg Sweep"],"special_seed":0,"relics":["Ring of the Snake","Turnip","Bag of Preparation","Smiling Mask"],"potions_floor_usage":[12],"damage_taken":[{"damage":2.0,"enemies":"2 Louse","floor":1.0,"turns":4.0},{"damage":17.0,"enemies":"Jaw Worm","floor":2.0,"turns":9.0},{"damage":6.0,"enemies":"Cultist","floor":3.0,"turns":4.0},{"damage":21,"enemies":"Gremlin Nob","floor":7,"turns":4},{"damage":13,"enemies":"Exordium Wildlife","floor":10,"turns":7},{"damage":0,"enemies":"Exordium Thugs","floor":12,"turns":4},{"damage":13,"enemies":"3 Sentries","floor":13,"turns":3}],"seed_played":"4129521531037397332","potions_obtained":[{"floor":1.0,"key":"Fire Potion"},{"floor":7,"key":"FairyPotion"},{"floor":12,"key":"Strength Potion"}],"is_trial":false,"path_per_floor":["M","M","M","?","?","R","E","R","T","M","$","M","E"],"character_chosen":"THE_SILENT","items_purchased":[],"campfire_rested":0,"item_purchase_floors":[],"current_hp_per_floor":[57,40,34,50,50,50,29,29,29,16,16,16,3],"gold":52,"neow_bonus":"ONE_RARE_RELIC","is_prod":false,"is_daily":false,"chose_seed":false,"campfire_upgraded":2,"win_rate":0,"timestamp":1661212481,"path_taken":["M","M","M","?","?","R","E","R","T","M","?","?","E"],"build_version":"2022-03-07","purchased_purges":1,"victory":false,"max_hp_per_floor":[66,66,66,66,66,66,66,66,66,66,66,66,66],"relic_stats":{"counters":[7,35],"Turnip":[2],"Bag of Preparation":[6],"Smiling Mask":25,"obtain_stats":[{"Turnip":0,"Bag of Preparation":7,"Smiling Mask":9,"Ring of the Snake":0},{"Turnip":0,"Bag of Preparation":4,"Smiling Mask":4,"Ring of the Snake":0},{"Turnip":0,"Bag of Preparation":21,"Smiling Mask":21,"Ring of the Snake":0}],"Ring of the Snake":[14]},"card_choices":[{"not_picked":["Concentrate","Terror"],"picked":"Heel Hook","floor":1.0},{"not_picked":["Concentrate","Infinite Blades"],"picked":"Dagger Throw","floor":2.0},{"not_picked":["Blade Dance","Bane"],"picked":"Bouncing Flask","floor":3.0},{"not_picked":["Setup","Prepared"],"picked":"Terror","floor":7},{"not_picked":["Flying Knee","Acrobatics"],"picked":"Poisoned Stab","floor":10},{"not_picked":["Poisoned Stab","Blade Dance"],"picked":"Leg Sweep","floor":12}],"player_experience":1065037,"relics_obtained":[{"floor":7,"key":"Bag of Preparation"},{"floor":9,"key":"Smiling Mask"}],"event_choices":[{"damage_healed":16.0,"max_hp_gain":0.0,"max_hp_loss":0.0,"gold_gain":0.0,"event_name":"The Cleric","player_choice":"Healed","floor":4.0,"gold_loss":35.0,"damage_taken":0.0},{"damage_healed":0,"gold_gain":0,"player_choice":"Fled","damage_taken":0,"max_hp_gain":0,"max_hp_loss":0,"event_name":"Scrap Ooze","floor":5,"gold_loss":0}],"is_beta":false,"boss_relics":[],"items_purged_floors":[11],"is_endless":false,"potions_floor_spawned":[1,7,10,12],"killed_by":"3 Sentries","ascension_level":20}