{"gold_per_floor":[218,218,231,243,263,263,291,5,5,32,46,62,121,155,155,233,233,248,85,85,10,10,10,21,32,32,58,68,68,103,120,120,196,196,212,212,231,231,246,272,272,272,272,272,285,310,57,86,86,86,86,86,86,21,49,49],"floor_reached":57,"playtime":4856,"items_purged":["Pain"],"score":2850,"play_id":"ec445787-ec6a-48ce-b540-506588131c86","local_time":"20220823175120","is_ascension_mode":true,"campfire_choices":[{"data":"Dagger Spray","floor":6.0,"key":"SMITH"},{"floor":15.0,"key":"REST"},{"floor":23.0,"key":"REST"},{"floor":29.0,"key":"REST"},{"data":"Noxious Fumes","floor":32.0,"key":"SMITH"},{"data":"Burst","floor":42.0,"key":"SMITH"},{"data":"Bouncing Flask","floor":44.0,"key":"SMITH"},{"floor":49.0,"key":"RECALL"},{"data":"Catalyst","floor":53.0,"key":"SMITH"}],"neow_cost":"NONE","seed_source_timestamp":0,"circlet_count":0,"master_deck":["AscendersBane","Strike_G","Strike_G","Defend_G","Defend_G","Defend_G","Defend_G","Survivor","Neutralize","Poisoned Stab","Dagger Throw","Dagger Throw","Dagger Spray+1","Reflex","Slice","Cloak And Dagger","Burst+1","Noxious Fumes+1","Backflip","Deadly Poison","Bouncing Flask+1","Backstab","Venomology","Outmaneuver+1","Noxious Fumes+1","Leg Sweep+1","Catalyst+1","Malaise","PiercingWail","Catalyst"],"special_seed":0,"relics":["Ring of the Snake","WarpedTongs","MawBank","OrangePellets","Pen Nib","Gremlin Horn","Sundial","Darkstone Periapt","Empty Cage","Snake Skull","MutagenicStrength","Enchiridion","InkBottle","FossilizedHelix","The Courier","Runic Pyramid","Prayer Wheel","Singing Bowl","ClockworkSouvenir","Centennial Puzzle","Meat on the Bone","White Beast Statue"],"potions_floor_usage":[55,56,56,56],"damage_taken":[{"damage":1.0,"enemies":"Small Slimes","floor":1.0,"turns":5.0},{"damage":3.0,"enemies":"Cultist","floor":3.0,"turns":3.0},{"damage":4.0,"enemies":"Jaw Worm","floor":4.0,"turns":3.0},{"damage":1.0,"enemies":"Looter","floor":5.0,"turns":3.0},{"damage":20.0,"enemies":"3 Sentries","floor":7.0,"turns":6.0},{"damage":15.0,"enemies":"Lagavulin","floor":10.0,"turns":5.0},{"damage":1.0,"enemies":"Blue Slaver","floor":11.0,"turns":3.0},{"damage":5.0,"enemies":"Red Slaver","floor":12.0,"turns":3.0},{"damage":3.0,"enemies":"Gremlin Nob","floor":13.0,"turns":3.0},{"damage":0.0,"enemies":"3 Sentries","floor":14.0,"turns":3.0},{"damage":18.0,"enemies":"Slime Boss","floor":16.0,"turns":8.0},{"damage":10.0,"enemies":"Spheric Guardian","floor":18.0,"turns":5.0},{"damage":10.0,"enemies":"2 Thieves","floor":24.0,"turns":3.0},{"damage":2.0,"enemies":"Shelled Parasite and Fungi","floor":25.0,"turns":4.0},{"damage":11.0,"enemies":"Gremlin Leader","floor":27.0,"turns":5.0},{"damage":0.0,"enemies":"Centurion and Healer","floor":28.0,"turns":8.0},{"damage":8.0,"enemies":"Slavers","floor":30.0,"turns":4.0},{"damage":0.0,"enemies":"Snecko","floor":31.0,"turns":4.0},{"damage":15.0,"enemies":"Champ","floor":33.0,"turns":7.0},{"damage":0.0,"enemies":"3 Shapes","floor":35.0,"turns":4.0},{"damage":0.0,"enemies":"3 Darklings","floor":37.0,"turns":3.0},{"damage":0.0,"enemies":"Spire Growth","floor":39.0,"turns":3.0},{"damage":9.0,"enemies":"Reptomancer","floor":40.0,"turns":5.0},{"damage":0.0,"enemies":"4 Shapes","floor":45.0,"turns":5.0},{"damage":0.0,"enemies":"Nemesis","floor":46.0,"turns":3.0},{"damage":6.0,"enemies":"Giant Head","floor":48.0,"turns":5.0},{"damage":9.0,"enemies":"Time Eater","floor":50.0,"turns":8.0},{"damage":22.0,"enemies":"Donu and Deca","floor":51.0,"turns":10.0},{"damage":26,"enemies":"Shield and Spear","floor":55,"turns":7},{"damage":59,"enemies":"The Heart","floor":56,"turns":7}],"seed_played":"2178278707788959807","potions_obtained":[{"floor":3.0,"key":"EntropicBrew"},{"floor":5.0,"key":"SkillPotion"},{"floor":10.0,"key":"Ancient Potion"},{"floor":14.0,"key":"GamblersBrew"},{"floor":18.0,"key":"Ancient Potion"},{"floor":30.0,"key":"Swift Potion"},{"floor":33.0,"key":"Ancient Potion"},{"floor":39.0,"key":"DuplicationPotion"},{"floor":45.0,"key":"SteroidPotion"}],"is_trial":false,"path_per_floor":["M","?","M","M","M","R","E","$","T","E","M","M","?","E","R","B",null,"M","$","?","?","?","R","M","M","T","E","M","R","E","M","R","B",null,"M","?","M","?","M","E","?","R","T","R","M","E","$","E","R","B","B",null,"R","$","E","B",null],"character_chosen":"THE_SILENT","items_purchased":["OrangePellets","Poison Potion","Snake Skull","ClockworkSouvenir","Centennial Puzzle","Catalyst"],"campfire_rested":3,"item_purchase_floors":[8,8,19,47,47,54],"current_hp_per_floor":[58,58,55,51,50,50,30,30,30,15,14,9,6,6,25,7,51,41,41,41,41,20,39,29,27,27,16,16,35,27,27,27,12,53,53,53,53,53,53,44,44,44,44,44,44,44,44,40,40,43,33,59,59,59,47,15],"gold":49,"neow_bonus":"HUNDRED_GOLD","is_prod":false,"is_daily":false,"chose_seed":false,"campfire_upgraded":5,"win_rate":0,"timestamp":1661302280,"path_taken":["M","?","?","?","M","R","E","$","T","E","M","M","?","E","R","BOSS","M","$","?","?","?","R","M","M","T","E","M","R","E","M","R","BOSS","BOSS","M","?","?","?","M","E","?","R","T","R","M","E","$","E","R","BOSS","BOSS","R","$","E","BOSS"],"build_version":"2022-03-07","purchased_purges":1,"victory":true,"max_hp_per_floor":[66,66,66,66,66,66,66,66,66,66,66,66,66,66,66,66,66,66,66,66,66,66,66,66,66,66,66,66,66,66,66,66,66,66,66,66,66,66,66,66,66,66,66,66,66,66,66,68,68,68,68,68,68,68,70,70],"relic_stats":{"Darkstone Periapt":0,"Gremlin Horn":[29,29],"Singing Bowl":4,"counters":[30,145],"Pen Nib":[27],"Snake Skull":[202],"The Courier":79,"MawBank":12,"White Beast Statue":[0.0,0.0,0.0,1.0,0.0,0.0,0.0,0.0,0.0,0.0,0.0,0.0],"WarpedTongs":[139],"OrangePellets":[22],"Centennial Puzzle":[15],"Sundial":[12],"Prayer Wheel":1,"obtain_stats":[{"Darkstone Periapt":14,"Gremlin Horn":10,"Singing Bowl":46,"Enchiridion":22,"Pen Nib":9,"Snake Skull":19,"The Courier":30,"MawBank":7,"Empty Cage":17,"White Beast Statue":55,"WarpedTongs":2,"ClockworkSouvenir":47,"OrangePellets":8,"Centennial Puzzle":47,"Sundial":13,"MutagenicStrength":20,"Prayer Wheel":40,"InkBottle":26,"FossilizedHelix":27,"Ring of the Snake":0,"Runic Pyramid":34,"Meat on the Bone":48},{"Darkstone Periapt":10,"Gremlin Horn":6,"Singing Bowl":25,"Enchiridion":12,"Pen Nib":5,"Snake Skull":12,"The Courier":17,"MawBank":5,"Empty Cage":11,"White Beast Statue":29,"WarpedTongs":1,"ClockworkSouvenir":25,"OrangePellets":5,"Centennial Puzzle":25,"Sundial":8,"MutagenicStrength":12,"Prayer Wheel":23,"InkBottle":14,"FossilizedHelix":15,"Ring of the Snake":0,"Runic Pyramid":19,"Meat on the Bone":26},{"Darkstone Periapt":37,"Gremlin Horn":25,"Singing Bowl":108,"Enchiridion":50,"Pen Nib":20,"Snake Skull":50,"The Courier":74,"MawBank":20,"Empty Cage":45,"White Beast Statue":138,"WarpedTongs":5,"ClockworkSouvenir":108,"OrangePellets":20,"Centennial Puzzle":108,"Sundial":31,"MutagenicStrength":50,"Prayer Wheel":100,"InkBottle":57,"FossilizedHelix":62,"Ring of the Snake":0,"Runic Pyramid":85,"Meat on the Bone":113}],"InkBottle":[39],"FossilizedHelix":[151],"Ring of the Snake":[60],"Meat on the Bone":48},"card_choices":[{"not_picked":["Quick Slash","Deadly Poison"],"picked":"Poisoned Stab","floor":1.0},{"not_picked":["Sucker Punch","Prepared"],"picked":"Dagger Throw","floor":3.0},{"not_picked":["Deflect","Quick Slash"],"picked":"Dagger Throw","floor":4.0},{"not_picked":["PiercingWail","Prepared"],"picked":"Dagger Spray","floor":5.0},{"not_picked":["Poisoned Stab","Acrobatics"],"picked":"Reflex","floor":7.0},{"not_picked":["Deflect","Riddle With Holes"],"picked":"Slice","floor":10.0},{"not_picked":["Poisoned Stab","Prepared"],"picked":"Cloak And Dagger","floor":11.0},{"not_picked":["Poisoned Stab","Slice"],"picked":"Burst","floor":12.0},{"not_picked":["Dagger Throw","Outmaneuver"],"picked":"Noxious Fumes","floor":13.0},{"not_picked":["Caltrops","Flechettes"],"picked":"Backflip","floor":14.0},{"not_picked":["Reflex","Acrobatics"],"picked":"Deadly Poison","floor":18.0},{"not_picked":["Dagger Spray","Prepared","Concentrate"],"picked":"SKIP","floor":24.0},{"not_picked":["Bane","Quick Slash+1","Infinite Blades"],"picked":"SKIP","floor":25.0},{"not_picked":["Backflip","Quick Slash"],"picked":"Bouncing Flask","floor":27.0},{"not_picked":["Caltrops","Cloak And Dagger"],"picked":"Backstab","floor":28.0},{"not_picked":["Unload","Flechettes","Escape Plan"],"picked":"SKIP","floor":30.0},{"not_picked":["Backflip","Flechettes","Choke+1"],"picked":"SKIP","floor":31.0},{"not_picked":["Glass Knife","A Thousand Cuts"],"picked":"Venomology","floor":33.0},{"not_picked":["Flying Knee+1","Dagger Throw"],"picked":"Outmaneuver+1","floor":35.0},{"not_picked":["Finisher","Deadly Poison","Predator+1"],"picked":"SKIP","floor":37.0},{"not_picked":["Riddle With Holes","Setup"],"picked":"Leg Sweep+1","floor":39.0},{"not_picked":["Deadly Poison","Sucker Punch","Flying Knee"],"picked":"SKIP","floor":40.0},{"not_picked":["Escape Plan","Prepared"],"picked":"Catalyst","floor":45.0},{"not_picked":["Riddle With Holes+1","Deflect+1"],"picked":"Malaise","floor":45.0},{"not_picked":["Backflip","Dodge and Roll"],"picked":"PiercingWail","floor":46.0},{"not_picked":["Well Laid Plans","Flying Knee","Distraction"],"picked":"Singing Bowl","floor":48.0},{"not_picked":["Skewer+1","Backstab","Escape Plan"],"picked":"Singing Bowl","floor":55}],"player_experience":1085373,"relics_obtained":[{"floor":7.0,"key":"MawBank"},{"floor":9.0,"key":"Pen Nib"},{"floor":10.0,"key":"Gremlin Horn"},{"floor":14.0,"key":"Darkstone Periapt"},{"floor":22.0,"key":"Enchiridion"},{"floor":26.0,"key":"InkBottle"},{"floor":27.0,"key":"FossilizedHelix"},{"floor":30.0,"key":"The Courier"},{"floor":40.0,"key":"Prayer Wheel"},{"floor":46.0,"key":"Singing Bowl"},{"floor":48.0,"key":"Meat on the Bone"},{"floor":55,"key":"White Beast Statue"}],"event_choices":[{"damage_healed":0.0,"max_hp_gain":0.0,"max_hp_loss":0.0,"gold_gain":0.0,"event_name":"Accursed Blacksmith","player_choice":"Rummage","floor":2.0,"gold_loss":0.0,"damage_taken":0.0,"relics_obtained":["WarpedTongs"],"cards_obtained":["Pain"]},{"damage_healed":0.0,"max_hp_gain":0.0,"max_hp_loss":0.0,"gold_gain":0.0,"event_name":"Dead Adventurer","player_choice":"Searched \u00272\u0027 times","floor":13.0,"gold_loss":0.0,"damage_taken":0.0,"relics_obtained":["Sundial"]},{"damage_healed":0.0,"max_hp_gain":0.0,"max_hp_loss":0.0,"gold_gain":0.0,"event_name":"Drug Dealer","player_choice":"Inject Mutagens","floor":20.0,"gold_loss":0.0,"damage_taken":0.0,"relics_obtained":["MutagenicStrength"]},{"cards_removed":["Strike_G"],"damage_healed":0.0,"max_hp_gain":0.0,"max_hp_loss":0.0,"gold_gain":0.0,"event_name":"Beggar","player_choice":"Gave Gold","floor":21.0,"gold_loss":75.0,"damage_taken":0.0},{"damage_healed":0.0,"max_hp_gain":0.0,"max_hp_loss":0.0,"gold_gain":0.0,"event_name":"Cursed Tome","player_choice":"Obtained Book","floor":22.0,"gold_loss":0.0,"damage_taken":21.0},{"damage_healed":0.0,"max_hp_gain":0.0,"max_hp_loss":0.0,"gold_gain":0.0,"event_name":"Duplicator","player_choice":"Copied","floor":36.0,"gold_loss":0.0,"damage_taken":0.0,"cards_obtained":["Noxious Fumes"]},{"damage_healed":0.0,"max_hp_gain":0.0,"max_hp_loss":0.0,"gold_gain":0.0,"event_name":"Tomb of Lord Red Mask","player_choice":"Ignored","floor":38.0,"gold_loss":0.0,"damage_taken":0.0},{"cards_removed":["Strike_G"],"damage_healed":0.0,"max_hp_gain":0.0,"max_hp_loss":0.0,"gold_gain":0.0,"event_name":"Falling","player_choice":"Removed Attack","floor":41.0,"gold_loss":0.0,"damage_taken":0.0}],"is_beta":false,"boss_relics":[{"not_picked":["Ring of the Serpent","Philosopher\u0027s Stone"],"picked":"Empty Cage"},{"not_picked":["Tiny House","Velvet Choker"],"picked":"Runic Pyramid"}],"items_purged_floors":[8],"is_endless":false,"potions_floor_spawned":[3,5,10,14,18,30,33,39,40,45,55],"ascension_level":20}