{"gold_per_floor":[115,128,148,166,166,166,199,199,253,273,305,305,12,38,38,117,117,128,90,104,104,119,153,4,4,54,82,182,202,236,269,269,342,342,356,356,356,374,391,420,454,480,561,587,587,315,365,365,365,365,365,365,365,76,104,104],"floor_reached":57,"playtime":4006,"items_purged":["Strike_G","Defend_G","Decay","Strike_G"],"score":3403,"play_id":"1022a3e0-5907-45e6-8903-3cef7b2e19aa","local_time":"20220826023420","is_ascension_mode":true,"campfire_choices":[{"floor":6.0,"key":"REST"},{"data":"Blade Dance","floor":8.0,"key":"SMITH"},{"floor":12.0,"key":"REST"},{"floor":15.0,"key":"REST"},{"floor":25.0,"key":"REST"},{"data":"RitualDagger","floor":32.0,"key":"SMITH"},{"floor":49.0,"key":"RECALL"},{"data":"Well Laid Plans","floor":53.0,"key":"SMITH"}],"neow_cost":"NONE","seed_source_timestamp":262340305973242,"circlet_count":0,"master_deck":["AscendersBane","Strike_G","Strike_G","Defend_G","Defend_G","Defend_G","Defend_G","Survivor","Neutralize+1","Quick Slash","Sucker Punch+1","Blade Dance+1","Dagger Spray","Dagger Throw","Deflect","Bouncing Flask","Backstab","Blade Dance","Die Die Die","PiercingWail","Crippling Poison","RitualDagger+1","PiercingWail","Envenom","Terror","Leg Sweep","Backflip+1","Adrenaline+1","Well Laid Plans+1","Acrobatics+1","Catalyst+1","Calculated Gamble+1"],"special_seed":0,"relics":["Black Star","StrikeDummy","Nunchaku","Bag of Marbles","Ancient Tea Set","Bronze Scales","Membership Card","Pen Nib","WingedGreaves","MealTicket","Philosopher\u0027s Stone","Orichalcum","Ninja Scroll","Snake Skull","Shuriken","Potion Belt","FossilizedHelix","Paper Crane","Pantograph","Anchor","Calipers","Darkstone Periapt","Cursed Key","Pear","Whetstone","Question Card","Toxic Egg 2","Letter Opener","Singing Bowl","Meat on the Bone","HornCleat","OrangePellets","Oddly Smooth Stone","StoneCalendar","Blue Candle","Gremlin Horn","CaptainsWheel"],"potions_floor_usage":[56,56,56,56],"damage_taken":[{"damage":10.0,"enemies":"Jaw Worm","floor":1.0,"turns":9.0},{"damage":1.0,"enemies":"Small Slimes","floor":2.0,"turns":3.0},{"damage":9.0,"enemies":"Cultist","floor":3.0,"turns":5.0},{"damage":26.0,"enemies":"Exordium Thugs","floor":4.0,"turns":8.0},{"damage":2.0,"enemies":"3 Sentries","floor":7.0,"turns":6.0},{"damage":2.0,"enemies":"2 Fungi Beasts","floor":10.0,"turns":3.0},{"damage":16.0,"enemies":"Lagavulin","floor":11.0,"turns":5.0},{"damage":5.0,"enemies":"3 Sentries","floor":14.0,"turns":5.0},{"damage":34.0,"enemies":"The Guardian","floor":16.0,"turns":9.0},{"damage":5.0,"enemies":"2 Thieves","floor":18.0,"turns":3.0},{"damage":4.0,"enemies":"3 Byrds","floor":20.0,"turns":2.0},{"damage":10.0,"enemies":"Cultist and Chosen","floor":22.0,"turns":4.0},{"damage":32.0,"enemies":"Book of Stabbing","floor":23.0,"turns":4.0},{"damage":0.0,"enemies":"Gremlin Leader","floor":27.0,"turns":5.0},{"damage":3.0,"enemies":"Colosseum Slavers","floor":28.0,"turns":3.0},{"damage":0.0,"enemies":"Colosseum Nobs","floor":28.0,"turns":4.0},{"damage":0.0,"enemies":"Centurion and Healer","floor":29.0,"turns":3.0},{"damage":0.0,"enemies":"Slavers","floor":30.0,"turns":2.0},{"damage":0.0,"enemies":"Gremlin Leader","floor":31.0,"turns":2.0},{"damage":52.0,"enemies":"Automaton","floor":33.0,"turns":7.0},{"damage":0.0,"enemies":"3 Darklings","floor":35.0,"turns":4.0},{"damage":11.0,"enemies":"3 Shapes","floor":38.0,"turns":10.0},{"damage":0.0,"enemies":"Sphere and 2 Shapes","floor":39.0,"turns":4.0},{"damage":0.0,"enemies":"Reptomancer","floor":40.0,"turns":2.0},{"damage":39.0,"enemies":"Giant Head","floor":41.0,"turns":7.0},{"damage":0.0,"enemies":"Nemesis","floor":42.0,"turns":6.0},{"damage":0.0,"enemies":"Reptomancer","floor":44.0,"turns":5.0},{"damage":0.0,"enemies":"2 Orb Walkers","floor":47.0,"turns":2.0},{"damage":19.0,"enemies":"Awakened One","floor":50.0,"turns":9.0},{"damage":49.0,"enemies":"Time Eater","floor":51.0,"turns":10.0},{"damage":0,"enemies":"Shield and Spear","floor":55,"turns":6},{"damage":0,"enemies":"The Heart","floor":56,"turns":8}],"seed_played":"751261460737129932","potions_obtained":[{"floor":3.0,"key":"CunningPotion"},{"floor":4.0,"key":"BlessingOfTheForge"},{"floor":7.0,"key":"ColorlessPotion"},{"floor":11.0,"key":"LiquidBronze"},{"floor":14.0,"key":"AttackPotion"},{"floor":16.0,"key":"Block Potion"},{"floor":23.0,"key":"Block Potion"},{"floor":29.0,"key":"Regen Potion"},{"floor":30.0,"key":"LiquidBronze"},{"floor":35.0,"key":"BlessingOfTheForge"},{"floor":39.0,"key":"Poison Potion"},{"floor":41.0,"key":"SkillPotion"},{"floor":47.0,"key":"Explosive Potion"},{"floor":48.0,"key":"GhostInAJar"},{"floor":48.0,"key":"FearPotion"}],"is_trial":false,"path_per_floor":["M","M","M","M","?","R","E","R","T","M","E","R","$","E","R","B",null,"M","$","M","?","M","E","$","R","T","E","?","M","E","E","R","B",null,"M","?","?","M","M","E","E","E","T","E","T","$","?","?","R","B","B",null,"R","$","E","B",null],"character_chosen":"THE_SILENT","items_purchased":["Membership Card","Pen Nib","Backstab","Snake Skull","PiercingWail","OrangePellets","Oddly Smooth Stone","Well Laid Plans","Catalyst+1","Poison Potion","Blue Candle"],"campfire_rested":4,"item_purchase_floors":[13,13,13,24,24,46,46,46,54,54,54],"current_hp_per_floor":[49,48,39,13,6,25,23,23,23,21,5,24,24,19,38,4,51,46,61,57,51,41,9,24,43,43,43,40,40,40,40,40,13,53,53,53,44,33,33,43,19,19,25,25,25,40,40,40,40,46,34,68,68,79,79,79],"gold":104,"neow_bonus":"BOSS_RELIC","is_prod":false,"is_daily":false,"chose_seed":false,"campfire_upgraded":3,"win_rate":0,"timestamp":1661506460,"path_taken":["M","M","M","M","?","R","E","R","T","M","E","R","$","E","R","BOSS","M","$","M","?","M","E","$","R","T","E","?","M","E","E","R","BOSS","M","?","?","?","M","E","E","E","T","E","?","$","?","?","R","BOSS","BOSS","R","$","E","BOSS"],"build_version":"2022-03-07","purchased_purges":4,"victory":true,"max_hp_per_floor":[66,66,66,66,66,66,66,66,66,66,66,66,66,66,66,66,66,66,66,66,66,66,66,66,66,66,66,66,66,66,66,66,66,66,66,63,63,63,63,73,73,73,79,79,79,79,79,79,79,79,79,79,79,79,79,79],"relic_stats":{"Darkstone Periapt":6,"Calipers":[13],"Singing Bowl":0,"Gremlin Horn":[0,0],"StoneCalendar":[72],"Snake Skull":[185],"Whetstone":["Neutralize","Sucker Punch"],"Ancient Tea Set":[12],"Cursed Key":1,"Nunchaku":[42],"Pantograph":75,"MealTicket":56,"WingedGreaves":3,"counters":[32,165],"Blue Candle":[0],"Pen Nib":[40],"Letter Opener":[94],"Orichalcum":[138],"Question Card":4,"OrangePellets":[3],"Shuriken":[70],"Bronze Scales":[387],"Black Star":12,"Membership Card":862,"obtain_stats":[{"Darkstone Periapt":31,"Calipers":31,"Singing Bowl":43,"Gremlin Horn":55,"StoneCalendar":47,"Snake Skull":24,"Whetstone":40,"Ancient Tea Set":11,"Cursed Key":34,"Nunchaku":7,"HornCleat":44,"Ninja Scroll":23,"Pantograph":30,"MealTicket":14,"Philosopher\u0027s Stone":17,"WingedGreaves":14,"Toxic Egg 2":41,"Ring of the Snake":0,"Potion Belt":27,"Pear":40,"Blue Candle":54,"Oddly Smooth Stone":46,"Pen Nib":13,"Letter Opener":42,"Orichalcum":23,"Paper Crane":28,"Question Card":41,"OrangePellets":46,"Anchor":30,"CaptainsWheel":55,"Shuriken":27,"Bronze Scales":11,"Black Star":0,"Bag of Marbles":9,"Membership Card":13,"StrikeDummy":7,"FossilizedHelix":28,"Meat on the Bone":44},{"Darkstone Periapt":19,"Calipers":19,"Singing Bowl":26,"Gremlin Horn":31,"StoneCalendar":28,"Snake Skull":13,"Whetstone":24,"Ancient Tea Set":7,"Cursed Key":20,"Nunchaku":5,"HornCleat":27,"Ninja Scroll":13,"Pantograph":18,"MealTicket":8,"Philosopher\u0027s Stone":9,"WingedGreaves":8,"Toxic Egg 2":25,"Ring of the Snake":0,"Potion Belt":14,"Pear":24,"Blue Candle":30,"Oddly Smooth Stone":27,"Pen Nib":7,"Letter Opener":26,"Orichalcum":13,"Paper Crane":16,"Question Card":25,"OrangePellets":27,"Anchor":18,"CaptainsWheel":31,"Shuriken":14,"Bronze Scales":7,"Black Star":0,"Bag of Marbles":5,"Membership Card":7,"StrikeDummy":5,"FossilizedHelix":16,"Meat on the Bone":27},{"Darkstone Periapt":85,"Calipers":85,"Singing Bowl":125,"Gremlin Horn":157,"StoneCalendar":132,"Snake Skull":66,"Whetstone":112,"Ancient Tea Set":39,"Cursed Key":92,"Nunchaku":31,"HornCleat":130,"Ninja Scroll":66,"Pantograph":83,"MealTicket":44,"Philosopher\u0027s Stone":53,"WingedGreaves":44,"Toxic Egg 2":119,"Ring of the Snake":0,"Potion Belt":71,"Pear":112,"Blue Candle":151,"Oddly Smooth Stone":130,"Pen Nib":39,"Letter Opener":125,"Orichalcum":66,"Paper Crane":78,"Question Card":119,"OrangePellets":130,"Anchor":83,"CaptainsWheel":157,"Shuriken":71,"Bronze Scales":39,"Black Star":0,"Bag of Marbles":31,"Membership Card":39,"StrikeDummy":31,"FossilizedHelix":78,"Meat on the Bone":130}],"FossilizedHelix":[98],"Meat on the Bone":12},"card_choices":[{"not_picked":["Setup","Prepared"],"picked":"Quick Slash","floor":1.0},{"not_picked":["Well Laid Plans","Prepared"],"picked":"Sucker Punch","floor":2.0},{"not_picked":["Setup","Sucker Punch"],"picked":"Blade Dance","floor":3.0},{"not_picked":["Masterful Stab","Blur"],"picked":"Dagger Spray","floor":4.0},{"not_picked":["Bane","All Out Attack"],"picked":"Dagger Throw","floor":7.0},{"not_picked":["Endless Agony","Unload"],"picked":"Deflect","floor":10.0},{"not_picked":["Blade Dance","Dagger Spray"],"picked":"Bouncing Flask","floor":11.0},{"not_picked":["Expertise","Endless Agony"],"picked":"Blade Dance","floor":14.0},{"not_picked":["Bullet Time","Doppelganger"],"picked":"Die Die Die","floor":16.0},{"not_picked":["Expertise","Blade Dance"],"picked":"PiercingWail","floor":18.0},{"not_picked":["Deflect+1","PiercingWail"],"picked":"Crippling Poison","floor":20.0},{"not_picked":["Slice","Dagger Spray","Outmaneuver"],"picked":"SKIP","floor":22.0},{"not_picked":["Bane","Dash","Underhanded Strike"],"picked":"SKIP","floor":23.0},{"not_picked":["Caltrops","Reflex","Deadly Poison+1"],"picked":"SKIP","floor":27.0},{"not_picked":["Dodge and Roll","Doppelganger","Heel Hook"],"picked":"SKIP","floor":29.0},{"not_picked":["Infinite Blades","Prepared+1","Blur"],"picked":"SKIP","floor":30.0},{"not_picked":["Infinite Blades","Prepared+1","Blur"],"picked":"SKIP","floor":30.0},{"not_picked":["Concentrate","Crippling Poison","Cloak And Dagger"],"picked":"SKIP","floor":31.0},{"not_picked":["Storm of Steel","Doppelganger"],"picked":"Envenom","floor":33.0},{"not_picked":["Heel Hook","Outmaneuver","Deadly Poison"],"picked":"SKIP","floor":35.0},{"not_picked":["Calculated Gamble","Sucker Punch"],"picked":"Terror","floor":38.0},{"not_picked":["Acrobatics","Heel Hook"],"picked":"Leg Sweep","floor":39.0},{"not_picked":["Bane","Deflect+1","Cloak And Dagger"],"picked":"SKIP","floor":40.0},{"not_picked":["Outmaneuver+1","Cloak And Dagger+1","Reflex+1"],"picked":"SKIP","floor":41.0},{"not_picked":["Slice","Flechettes","Endless Agony"],"picked":"Backflip+1","floor":42.0},{"not_picked":["Underhanded Strike+1","Poisoned Stab","Bouncing Flask+1"],"picked":"Adrenaline+1","floor":44.0},{"not_picked":["Prepared+1","Slice","Flying Knee"],"picked":"Acrobatics+1","floor":47.0},{"not_picked":["Quick Slash","Crippling Poison+1","Dodge and Roll+1"],"picked":"Calculated Gamble+1","floor":55}],"player_experience":1114427,"relics_obtained":[{"floor":7.0,"key":"StrikeDummy"},{"floor":7.0,"key":"Nunchaku"},{"floor":9.0,"key":"Bag of Marbles"},{"floor":11.0,"key":"Ancient Tea Set"},{"floor":11.0,"key":"Bronze Scales"},{"floor":14.0,"key":"WingedGreaves"},{"floor":14.0,"key":"MealTicket"},{"floor":23.0,"key":"Orichalcum"},{"floor":23.0,"key":"Ninja Scroll"},{"floor":27.0,"key":"Shuriken"},{"floor":27.0,"key":"Potion Belt"},{"floor":28.0,"key":"FossilizedHelix"},{"floor":28.0,"key":"Paper Crane"},{"floor":30.0,"key":"Pantograph"},{"floor":30.0,"key":"Anchor"},{"floor":31.0,"key":"Calipers"},{"floor":31.0,"key":"Darkstone Periapt"},{"floor":40.0,"key":"Pear"},{"floor":40.0,"key":"Whetstone"},{"floor":41.0,"key":"Question Card"},{"floor":41.0,"key":"Toxic Egg 2"},{"floor":42.0,"key":"Letter Opener"},{"floor":43.0,"key":"Singing Bowl"},{"floor":44.0,"key":"Meat on the Bone"},{"floor":44.0,"key":"HornCleat"},{"floor":47.0,"key":"StoneCalendar"},{"floor":55,"key":"Gremlin Horn"},{"floor":55,"key":"CaptainsWheel"}],"event_choices":[{"cards_removed":["Strike_G"],"damage_healed":0.0,"max_hp_gain":0.0,"max_hp_loss":0.0,"gold_gain":0.0,"event_name":"Golden Wing","player_choice":"Card Removal","floor":5.0,"gold_loss":0.0,"damage_taken":7.0},{"damage_healed":0.0,"max_hp_gain":0.0,"max_hp_loss":0.0,"gold_gain":0.0,"event_name":"Nest","player_choice":"Joined the Cult","floor":21.0,"gold_loss":0.0,"damage_taken":6.0,"cards_obtained":["RitualDagger"]},{"damage_healed":0.0,"max_hp_gain":0.0,"max_hp_loss":0.0,"gold_gain":0.0,"event_name":"Colosseum","player_choice":"Fight","floor":28.0,"gold_loss":0.0,"damage_taken":0.0},{"damage_healed":0.0,"max_hp_gain":0.0,"max_hp_loss":0.0,"gold_gain":0.0,"event_name":"Colosseum","player_choice":"Fought Nobs","floor":28.0,"gold_loss":0.0,"damage_taken":0.0},{"damage_healed":0.0,"max_hp_gain":0.0,"max_hp_loss":3.0,"gold_gain":0.0,"event_name":"Winding Halls","player_choice":"Max HP","floor":36.0,"gold_loss":0.0,"damage_taken":0.0},{"damage_healed":0.0,"max_hp_gain":0.0,"max_hp_loss":0.0,"gold_gain":0.0,"event_name":"Wheel of Change","player_choice":"Damaged","floor":37.0,"gold_loss":0.0,"damage_taken":9.0},{"damage_healed":0.0,"max_hp_gain":0.0,"max_hp_loss":0.0,"gold_gain":0.0,"event_name":"Mysterious Sphere","player_choice":"Fight","floor":47.0,"gold_loss":0.0,"damage_taken":0.0},{"damage_healed":0.0,"max_hp_gain":0.0,"max_hp_loss":0.0,"gold_gain":0.0,"event_name":"Lab","player_choice":"Got Potions","floor":48.0,"gold_loss":0.0,"damage_taken":0.0}],"is_beta":false,"boss_relics":[{"not_picked":["Snecko Eye","Busted Crown"],"picked":"Philosopher\u0027s Stone"},{"not_picked":["Pandora\u0027s Box","Runic Dome"],"picked":"Cursed Key"}],"items_purged_floors":[19,24,46,54],"is_endless":false,"potions_floor_spawned":[3,4,7,11,14,16,18,23,28,29,30,31,35,39,41,47],"ascension_level":20}