{"gold_per_floor":[119,129,142,154,154,154,219,219,219,246,371,421,434,469,469,469],"floor_reached":16,"playtime":779,"items_purged":[],"score":324,"play_id":"257ee39c-4b37-461b-a965-deac3b97dc6e","local_time":"20220822061139","is_ascension_mode":true,"campfire_choices":[{"floor":6,"key":"REST"},{"floor":8,"key":"REST"},{"floor":15,"key":"RECALL"}],"neow_cost":"NONE","seed_source_timestamp":217447259096,"circlet_count":0,"master_deck":["AscendersBane","Strike_G","Strike_G","Strike_G","Strike_G","Defend_G","Defend_G","Defend_G","Defend_G","Defend_G","Survivor","Neutralize","Slice","Terror","Masterful Stab","Dagger Spray","Infinite Blades","Dash+1"],"special_seed":0,"relics":["Fusion Hammer","SsserpentHead","Meat on the Bone","Ancient Tea Set","Molten Egg 2"],"potions_floor_usage":[14,16],"damage_taken":[{"damage":0,"enemies":"2 Louse","floor":1,"turns":4},{"damage":1,"enemies":"Cultist","floor":2,"turns":5},{"damage":0,"enemies":"Small Slimes","floor":3,"turns":3},{"damage":2,"enemies":"3 Louse","floor":4,"turns":3},{"damage":37,"enemies":"Gremlin Gang","floor":7,"turns":7},{"damage":10,"enemies":"3 Sentries","floor":10,"turns":6},{"damage":12,"enemies":"Large Slime","floor":13,"turns":6},{"damage":3,"enemies":"Gremlin Nob","floor":14,"turns":3},{"damage":25,"enemies":"Hexaghost","floor":16,"turns":7}],"seed_played":"-8724063434012592661","potions_obtained":[{"floor":3,"key":"Energy Potion"},{"floor":10,"key":"EssenceOfSteel"},{"floor":13,"key":"LiquidMemories"},{"floor":14,"key":"SkillPotion"}],"is_trial":false,"path_per_floor":["M","M","M","M","?","R","M","R","T","E","?","?","M","E","R","B"],"character_chosen":"THE_SILENT","items_purchased":[],"campfire_rested":2,"item_purchase_floors":[],"current_hp_per_floor":[59,58,58,56,56,66,29,48,48,38,27,27,27,36,36,11],"gold":469,"neow_bonus":"BOSS_RELIC","is_prod":false,"is_daily":false,"chose_seed":false,"campfire_upgraded":0,"win_rate":0,"timestamp":1661173899,"path_taken":["M","M","M","M","?","R","?","R","T","E","?","?","M","E","R","BOSS"],"build_version":"2022-03-07","purchased_purges":0,"victory":false,"max_hp_per_floor":[66,66,66,66,66,66,66,66,66,66,66,66,66,66,66,66],"relic_stats":{"SsserpentHead":150,"counters":[9,44],"Ancient Tea Set":[2],"obtain_stats":[{"SsserpentHead":5,"Molten Egg 2":14,"Fusion Hammer":0,"Ancient Tea Set":10,"Ring of the Snake":0,"Meat on the Bone":9},{"SsserpentHead":4,"Molten Egg 2":8,"Fusion Hammer":0,"Ancient Tea Set":6,"Ring of the Snake":0,"Meat on the Bone":5},{"SsserpentHead":15,"Molten Egg 2":37,"Fusion Hammer":0,"Ancient Tea Set":28,"Ring of the Snake":0,"Meat on the Bone":22}],"Meat on the Bone":24},"card_choices":[{"not_picked":["PiercingWail","Flechettes"],"picked":"Slice","floor":1},{"not_picked":["Leg Sweep","Underhanded Strike"],"picked":"Terror","floor":2},{"not_picked":["Backflip","Prepared"],"picked":"Masterful Stab","floor":3},{"not_picked":["Underhanded Strike","Outmaneuver","Expertise"],"picked":"SKIP","floor":4},{"not_picked":["Footwork","Sucker Punch"],"picked":"Dagger Spray","floor":7},{"not_picked":["Tools of the Trade","Underhanded Strike","Deflect"],"picked":"SKIP","floor":10},{"not_picked":["Bane","Setup","Sucker Punch"],"picked":"SKIP","floor":13},{"not_picked":["Distraction","Blade Dance"],"picked":"Dash+1","floor":14}],"player_experience":1060491,"relics_obtained":[{"floor":9,"key":"Meat on the Bone"},{"floor":10,"key":"Ancient Tea Set"},{"floor":14,"key":"Molten Egg 2"}],"event_choices":[{"damage_healed":0,"gold_gain":0,"player_choice":"Trade","damage_taken":0,"relics_obtained":["SsserpentHead"],"max_hp_gain":0,"max_hp_loss":0,"event_name":"FaceTrader","floor":5,"gold_loss":0},{"damage_healed":0,"gold_gain":75,"player_choice":"Gather Gold","damage_taken":11,"max_hp_gain":0,"max_hp_loss":0,"event_name":"World of Goop","floor":11,"gold_loss":0},{"damage_healed":0,"gold_gain":0,"cards_transformed":["Strike_G"],"player_choice":"Change","damage_taken":0,"max_hp_gain":0,"max_hp_loss":0,"event_name":"Living Wall","floor":12,"gold_loss":0,"cards_obtained":["Infinite Blades"]}],"is_beta":false,"boss_relics":[],"items_purged_floors":[],"is_endless":false,"potions_floor_spawned":[3,10,13,14],"killed_by":"Hexaghost","ascension_level":20}