{"gold_per_floor":[118,118,132,282,282,317,317,317],"floor_reached":8,"playtime":404,"items_purged":[],"score":107,"play_id":"0d001cb8-9223-4adb-a51f-14c1506e4610","local_time":"20220826011634","is_ascension_mode":true,"campfire_choices":[{"data":"Crippling Poison","floor":7.0,"key":"SMITH"}],"neow_cost":"NONE","seed_source_timestamp":261851529808633,"circlet_count":0,"master_deck":["AscendersBane","Strike_G","Strike_G","Strike_G","Strike_G","Strike_G","Defend_G","Defend_G","Defend_G","Defend_G","Defend_G","Survivor","Neutralize","Eviscerate","Crippling Poison+1"],"special_seed":0,"relics":["Ring of the Snake","Strawberry","Lizard Tail","Spirit Poop","White Beast Statue"],"potions_floor_usage":[8],"damage_taken":[{"damage":9.0,"enemies":"Jaw Worm","floor":1.0,"turns":8.0},{"damage":4.0,"enemies":"Cultist","floor":3.0,"turns":5.0},{"damage":64.0,"enemies":"3 Sentries","floor":6.0,"turns":15.0},{"damage":28,"enemies":"Lagavulin","floor":8,"turns":7}],"seed_played":"-5270819923154774325","potions_obtained":[{"floor":6.0,"key":"GamblersBrew"}],"is_trial":false,"path_per_floor":["M","?","M","?","?","E","R","E"],"character_chosen":"THE_SILENT","items_purchased":[],"campfire_rested":0,"item_purchase_floors":[],"current_hp_per_floor":[57,57,53,53,53,31,31,3],"gold":317,"neow_bonus":"RANDOM_COMMON_RELIC","is_prod":false,"is_daily":false,"chose_seed":false,"campfire_upgraded":1,"win_rate":0,"timestamp":1661501794,"path_taken":["M","?","?","?","?","E","R","E"],"build_version":"2022-03-07","purchased_purges":0,"victory":false,"max_hp_per_floor":[73,73,73,73,73,73,73,73],"relic_stats":{"Lizard Tail":36,"counters":[4,35],"obtain_stats":[{"Lizard Tail":2,"Strawberry":0,"Spirit Poop":5,"White Beast Statue":6,"Ring of the Snake":0},{"Lizard Tail":1,"Strawberry":0,"Spirit Poop":2,"White Beast Statue":3,"Ring of the Snake":0},{"Lizard Tail":8,"Strawberry":0,"Spirit Poop":13,"White Beast Statue":28,"Ring of the Snake":0}],"White Beast Statue":[0.0,0.0,0.0,0.0,0.0,1.0,0.0,0.0,0.0,0.0,0.0,0.0],"Ring of the Snake":[8]},"card_choices":[{"not_picked":["Backflip","Riddle With Holes"],"picked":"Choke","floor":1.0},{"not_picked":["Riddle With Holes","Acrobatics"],"picked":"Eviscerate","floor":3.0},{"not_picked":["All Out Attack","Infinite Blades"],"picked":"Crippling Poison","floor":6.0}],"player_experience":1114023,"relics_obtained":[{"floor":6.0,"key":"White Beast Statue"}],"event_choices":[{"cards_removed":["Choke"],"damage_healed":0.0,"max_hp_gain":0.0,"max_hp_loss":0.0,"gold_gain":0.0,"event_name":"WeMeetAgain","player_choice":"Gave Card","floor":2.0,"gold_loss":0.0,"damage_taken":0.0,"relics_obtained":["Lizard Tail"]},{"damage_healed":0.0,"max_hp_gain":0.0,"max_hp_loss":0.0,"gold_gain":150.0,"event_name":"Liars Game","player_choice":"AGREE","floor":4.0,"gold_loss":0.0,"damage_taken":0.0,"cards_obtained":["Doubt"]},{"cards_removed":["Doubt"],"damage_healed":0.0,"max_hp_gain":0.0,"max_hp_loss":0.0,"gold_gain":0.0,"event_name":"Bonfire Elementals","player_choice":"Offered Curse","floor":5.0,"gold_loss":0.0,"damage_taken":0.0,"relics_obtained":["Spirit Poop"]}],"is_beta":false,"boss_relics":[],"items_purged_floors":[],"is_endless":false,"potions_floor_spawned":[6],"killed_by":"Lagavulin","ascension_level":20}