{"gold_per_floor":[119,139,157,173,6,6,41,41,41,68,68,103,132,132,132,205,205,218,67,67,67,117,143,143,175,175,175,190,201,3,35,35,121,121,144,165,186,532,41,41,76,76,76,95,112,130,164,164,164,164],"floor_reached":50,"playtime":4525,"items_purged":["Strike_G","Bite"],"score":1273,"play_id":"13676eeb-c639-42a1-8df9-af64d7c4bba3","local_time":"20220907190301","is_ascension_mode":true,"campfire_choices":[{"data":"Catalyst","floor":6.0,"key":"SMITH"},{"data":"Dramatic Entrance","floor":8.0,"key":"SMITH"},{"data":"Noxious Fumes","floor":11.0,"key":"SMITH"},{"data":"Blade Dance","floor":15.0,"key":"SMITH"},{"data":"Envenom","floor":24.0,"key":"SMITH"},{"data":"Doppelganger","floor":27.0,"key":"SMITH"},{"data":"Catalyst","floor":32.0,"key":"SMITH"},{"data":"Cloak And Dagger","floor":40.0,"key":"SMITH"},{"data":"Leg Sweep","floor":42.0,"key":"SMITH"},{"floor":49,"key":"RECALL"}],"neow_cost":"NONE","seed_source_timestamp":93930462881735,"circlet_count":0,"master_deck":["AscendersBane","Defend_G","Defend_G","Defend_G","Survivor","Neutralize","Dramatic Entrance+1","Poisoned Stab","Blade Dance+1","Bane","Dash","Noxious Fumes+1","Catalyst+1","Cloak And Dagger+1","Finisher","Deadly Poison","Doppelganger+1","Dodge and Roll+1","Blur","Bite","Bite","Bite","Bite","Unload","Envenom+1","Deflect","Escape Plan","Leg Sweep+1","Catalyst+1","Storm of Steel","Dagger Spray+1","Well Laid Plans+1","Accuracy+1","Leg Sweep","Blade Dance","PiercingWail","Panache","Dramatic Entrance+1","Dodge and Roll+1"],"special_seed":0,"relics":["Ring of the Snake","Blood Vial","Centennial Puzzle","Darkstone Periapt","Orichalcum","Odd Mushroom","Black Star","InkBottle","Bottled Lightning","Omamori","Dream Catcher","Bag of Preparation","ClockworkSouvenir","CeramicFish","Kunai","Philosopher\u0027s Stone","Old Coin","Molten Egg 2","StrikeDummy","Regal Pillow","Pear","Sundial"],"potions_floor_usage":[47],"damage_taken":[{"damage":3.0,"enemies":"Cultist","floor":1.0,"turns":5.0},{"damage":1.0,"enemies":"Small Slimes","floor":2.0,"turns":3.0},{"damage":2.0,"enemies":"Jaw Worm","floor":3.0,"turns":3.0},{"damage":0.0,"enemies":"Large Slime","floor":4.0,"turns":4.0},{"damage":10.0,"enemies":"Lagavulin","floor":7.0,"turns":5.0},{"damage":32.0,"enemies":"Gremlin Nob","floor":10.0,"turns":4.0},{"damage":4.0,"enemies":"3 Sentries","floor":12.0,"turns":4.0},{"damage":0.0,"enemies":"The Mushroom Lair","floor":13.0,"turns":3.0},{"damage":15.0,"enemies":"Hexaghost","floor":16.0,"turns":6.0},{"damage":28.0,"enemies":"Shell Parasite","floor":18.0,"turns":5.0},{"damage":39.0,"enemies":"Gremlin Leader","floor":23.0,"turns":7.0},{"damage":11.0,"enemies":"Slavers","floor":25.0,"turns":4.0},{"damage":21.0,"enemies":"Spheric Guardian","floor":28.0,"turns":4.0},{"damage":6.0,"enemies":"Chosen and Byrds","floor":29.0,"turns":5.0},{"damage":8.0,"enemies":"Gremlin Leader","floor":31.0,"turns":5.0},{"damage":1.0,"enemies":"Champ","floor":33.0,"turns":8.0},{"damage":1.0,"enemies":"Orb Walker","floor":35.0,"turns":3.0},{"damage":10.0,"enemies":"3 Darklings","floor":36.0,"turns":7.0},{"damage":8.0,"enemies":"Writhing Mass","floor":37.0,"turns":4.0},{"damage":41.0,"enemies":"2 Orb Walkers","floor":38.0,"turns":5.0},{"damage":7.0,"enemies":"Giant Head","floor":41.0,"turns":6.0},{"damage":0.0,"enemies":"4 Shapes","floor":44.0,"turns":7.0},{"damage":11.0,"enemies":"3 Darklings","floor":45.0,"turns":24.0},{"damage":38,"enemies":"Reptomancer","floor":47,"turns":5},{"damage":41,"enemies":"Awakened One","floor":50,"turns":6}],"seed_played":"4570232853179979410","potions_obtained":[{"floor":2.0,"key":"Energy Potion"},{"floor":4.0,"key":"DistilledChaos"},{"floor":12.0,"key":"AttackPotion"},{"floor":16.0,"key":"Fire Potion"},{"floor":29.0,"key":"DuplicationPotion"},{"floor":33.0,"key":"Weak Potion"},{"floor":35.0,"key":"Swift Potion"},{"floor":38.0,"key":"Energy Potion"},{"floor":41.0,"key":"Block Potion"},{"floor":44.0,"key":"Energy Potion"}],"is_trial":false,"path_per_floor":["M","M","M","M","$","R","E","R","T","E","R","E","?","?","R","B",null,"M","$","?","?","?","E","R","E","T","R","M","M","$","E","R","B",null,"M","M","M","?","$","R","E","R","T","M","M","?","E","?","R","B"],"character_chosen":"THE_SILENT","items_purchased":["Noxious Fumes","Catalyst","Blur","ClockworkSouvenir","Catalyst","Molten Egg 2","Leg Sweep","Blade Dance"],"campfire_rested":0,"item_purchase_floors":[5,5,19,30,30,39,39,39],"current_hp_per_floor":[56,55,53,53,53,53,43,43,43,13,13,11,13,76,76,61,72,46,46,46,46,41,14,14,11,11,11,4,12,12,14,14,29,47,53,53,47,16,16,16,21,21,21,29,53,43,23,23,23,0],"gold":164,"neow_bonus":"RANDOM_COLORLESS","is_prod":false,"is_daily":false,"chose_seed":false,"campfire_upgraded":9,"win_rate":0,"timestamp":1662602581,"path_taken":["M","M","M","M","$","R","E","R","T","E","R","E","?","?","R","BOSS","M","$","?","?","?","E","R","E","T","R","M","M","$","E","R","BOSS","M","M","M","?","$","R","E","R","T","M","M","?","E","?","R","BOSS"],"build_version":"2022-03-07","purchased_purges":2,"victory":false,"max_hp_per_floor":[66,66,66,66,66,66,66,66,66,66,66,66,66,76,76,76,76,76,76,53,53,53,53,53,53,53,53,53,53,53,53,53,53,53,53,53,53,53,53,53,53,53,53,53,53,53,63,63,63,63],"relic_stats":{"Darkstone Periapt":0,"Regal Pillow":0,"counters":[25,142],"CeramicFish":90,"Omamori":0,"Bag of Preparation":[26],"Orichalcum":[144],"Blood Vial":34,"Centennial Puzzle":[54],"Dream Catcher":0,"Sundial":[0],"Black Star":5,"Bottled Lightning":"Dodge and Roll","Kunai":[62],"obtain_stats":[{"Darkstone Periapt":10,"Regal Pillow":41,"Pear":47,"CeramicFish":31,"Omamori":25,"Bag of Preparation":26,"Orichalcum":12,"Odd Mushroom":13,"ClockworkSouvenir":30,"Old Coin":38,"Blood Vial":7,"Centennial Puzzle":9,"Dream Catcher":25,"Sundial":47,"Philosopher\u0027s Stone":34,"Molten Egg 2":39,"Black Star":17,"Bottled Lightning":23,"Kunai":31,"StrikeDummy":41,"InkBottle":23,"Ring of the Snake":0},{"Darkstone Periapt":6,"Regal Pillow":21,"Pear":24,"CeramicFish":15,"Omamori":12,"Bag of Preparation":12,"Orichalcum":7,"Odd Mushroom":8,"ClockworkSouvenir":14,"Old Coin":20,"Blood Vial":5,"Centennial Puzzle":5,"Dream Catcher":12,"Sundial":24,"Philosopher\u0027s Stone":16,"Molten Egg 2":20,"Black Star":9,"Bottled Lightning":11,"Kunai":15,"StrikeDummy":21,"InkBottle":11,"Ring of the Snake":0},{"Darkstone Periapt":24,"Regal Pillow":100,"Pear":136,"CeramicFish":67,"Omamori":53,"Bag of Preparation":53,"Orichalcum":28,"Odd Mushroom":31,"ClockworkSouvenir":62,"Old Coin":94,"Blood Vial":20,"Centennial Puzzle":20,"Dream Catcher":53,"Sundial":136,"Philosopher\u0027s Stone":75,"Molten Egg 2":94,"Black Star":37,"Bottled Lightning":49,"Kunai":67,"StrikeDummy":100,"InkBottle":49,"Ring of the Snake":0}],"InkBottle":[52],"Ring of the Snake":[50]},"card_choices":[{"not_picked":["Panacea","Deep Breath"],"picked":"Dramatic Entrance","floor":0.0},{"not_picked":["Prepared","Deadly Poison"],"picked":"Poisoned Stab","floor":1.0},{"not_picked":["Deflect","Blur"],"picked":"Blade Dance","floor":2.0},{"not_picked":["Flying Knee","Crippling Poison"],"picked":"Bane","floor":3.0},{"not_picked":["Riddle With Holes","Slice"],"picked":"Dash","floor":4.0},{"not_picked":["Finisher","Distraction"],"picked":"Cloak And Dagger","floor":7.0},{"not_picked":["Cloak And Dagger","Quick Slash"],"picked":"Finisher","floor":10.0},{"not_picked":["Flechettes","Dodge and Roll"],"picked":"Deadly Poison","floor":12.0},{"not_picked":["Sucker Punch","Cloak And Dagger"],"picked":"Envenom","floor":13.0},{"not_picked":["Venomology","A Thousand Cuts"],"picked":"Doppelganger","floor":16.0},{"not_picked":["Escape Plan","Flying Knee"],"picked":"Dodge and Roll+1","floor":18.0},{"not_picked":["Backflip","Quick Slash"],"picked":"Deflect","floor":23.0},{"not_picked":["Infinite Blades","Dagger Spray"],"picked":"Escape Plan","floor":25.0},{"not_picked":["Outmaneuver","Deflect","Dagger Throw+1"],"picked":"SKIP","floor":28.0},{"not_picked":["Predator","PiercingWail"],"picked":"Leg Sweep","floor":29.0},{"not_picked":["Tactician","Underhanded Strike","Noxious Fumes"],"picked":"SKIP","floor":31.0},{"not_picked":["Glass Knife","Doppelganger"],"picked":"Storm of Steel","floor":33.0},{"not_picked":["Infinite Blades","Dash+1"],"picked":"Dagger Spray+1","floor":35.0},{"not_picked":["Flying Knee","Backflip"],"picked":"Well Laid Plans+1","floor":36.0},{"not_picked":["Dagger Throw","Bane"],"picked":"Accuracy+1","floor":37.0},{"not_picked":["Dash+1","Dodge and Roll+1"],"picked":"PiercingWail","floor":41.0},{"not_picked":["Sucker Punch+1","Finisher+1","Phantasmal Killer"],"picked":"SKIP","floor":44.0},{"not_picked":["Deadly Poison","Deflect","Dodge and Roll"],"picked":"SKIP","floor":45.0},{"not_picked":["Dramatic Entrance+1","Madness"],"picked":"Panache","floor":46.0},{"not_picked":["Bandage Up","The Bomb"],"picked":"Dramatic Entrance+1","floor":46.0},{"not_picked":["Crippling Poison","Distraction"],"picked":"Dodge and Roll+1","floor":47}],"player_experience":1168137,"relics_obtained":[{"floor":7.0,"key":"Blood Vial"},{"floor":9.0,"key":"Centennial Puzzle"},{"floor":10.0,"key":"Darkstone Periapt"},{"floor":12.0,"key":"Orichalcum"},{"floor":13.0,"key":"Odd Mushroom"},{"floor":23.0,"key":"InkBottle"},{"floor":23.0,"key":"Bottled Lightning"},{"floor":25.0,"key":"Omamori"},{"floor":25.0,"key":"Dream Catcher"},{"floor":26.0,"key":"Bag of Preparation"},{"floor":31.0,"key":"CeramicFish"},{"floor":31.0,"key":"Kunai"},{"floor":38.0,"key":"Old Coin"},{"floor":41.0,"key":"StrikeDummy"},{"floor":41.0,"key":"Regal Pillow"},{"floor":47,"key":"Pear"},{"floor":47,"key":"Sundial"}],"event_choices":[{"damage_healed":0.0,"max_hp_gain":0.0,"max_hp_loss":0.0,"gold_gain":0.0,"event_name":"Mushrooms","player_choice":"Fought Mushrooms","floor":13.0,"gold_loss":0.0,"damage_taken":0.0},{"cards_removed":["Envenom"],"damage_healed":53.0,"max_hp_gain":10.0,"max_hp_loss":0.0,"gold_gain":0.0,"event_name":"Bonfire Elementals","player_choice":"Offered Rare","floor":14.0,"gold_loss":0.0,"damage_taken":0.0},{"damage_healed":0.0,"max_hp_gain":0.0,"max_hp_loss":23.0,"gold_gain":0.0,"event_name":"Vampires","player_choice":"Became a vampire","floor":20.0,"gold_loss":0.0,"damage_taken":0.0,"cards_obtained":["Bite","Bite","Bite","Bite","Bite"]},{"damage_healed":0.0,"max_hp_gain":0.0,"max_hp_loss":0.0,"gold_gain":0.0,"cards_transformed":["Defend_G","Defend_G"],"event_name":"Drug Dealer","player_choice":"Became Test Subject","floor":21.0,"gold_loss":0.0,"damage_taken":0.0,"cards_obtained":["Unload","Envenom"]},{"damage_healed":0.0,"max_hp_gain":0.0,"max_hp_loss":0.0,"gold_gain":50.0,"event_name":"FaceTrader","player_choice":"Touch","floor":22.0,"gold_loss":0.0,"damage_taken":5.0},{"damage_healed":0.0,"max_hp_gain":0.0,"max_hp_loss":0.0,"gold_gain":0.0,"event_name":"Mysterious Sphere","player_choice":"Fight","floor":38.0,"gold_loss":0.0,"damage_taken":0.0},{"damage_healed":0.0,"max_hp_gain":0.0,"max_hp_loss":0.0,"gold_gain":0.0,"event_name":"SensoryStone","player_choice":"Memory 3","floor":46.0,"gold_loss":0.0,"damage_taken":10.0},{"damage_healed":0,"gold_gain":0,"player_choice":"Ignored","damage_taken":0,"max_hp_gain":0,"max_hp_loss":0,"event_name":"The Moai Head","floor":48,"gold_loss":0}],"is_beta":false,"boss_relics":[{"not_picked":["Sozu","HoveringKite"],"picked":"Black Star"},{"not_picked":["Runic Dome","Snecko Eye"],"picked":"Philosopher\u0027s Stone"}],"items_purged_floors":[19,39],"is_endless":false,"potions_floor_spawned":[2,4,12,16,18,29,33,35,38,41,44],"killed_by":"Awakened One","ascension_level":20}