{"gold_per_floor":[117,136,136,149,163,163,192,203,228,300,327,327,357,420,420,420],"floor_reached":16,"playtime":1062,"items_purged":[],"score":240,"play_id":"faaf4fac-3506-4a12-b23a-4d55c961e3fb","local_time":"20220907173439","is_ascension_mode":true,"campfire_choices":[{"data":"All Out Attack","floor":6.0,"key":"SMITH"},{"floor":12.0,"key":"REST"},{"floor":15,"key":"REST"}],"neow_cost":"NONE","seed_source_timestamp":92689735381764,"circlet_count":0,"master_deck":["AscendersBane","Strike_G","Strike_G","Strike_G","Strike_G","Strike_G","Defend_G","Defend_G","Defend_G","Defend_G","Defend_G","Survivor","Neutralize","All Out Attack+1","PiercingWail","Riddle With Holes","Caltrops","Well Laid Plans","Bouncing Flask","Crippling Poison","Deadly Poison"],"special_seed":0,"relics":["Velvet Choker","Blue Candle","Akabeko","Juzu Bracelet","Tiny Chest","Peace Pipe"],"potions_floor_usage":[14],"damage_taken":[{"damage":9.0,"enemies":"2 Louse","floor":1.0,"turns":4.0},{"damage":0.0,"enemies":"Small Slimes","floor":2.0,"turns":2.0},{"damage":6.0,"enemies":"Jaw Worm","floor":4.0,"turns":4.0},{"damage":4.0,"enemies":"Exordium Wildlife","floor":5.0,"turns":6.0},{"damage":30.0,"enemies":"Gremlin Nob","floor":7.0,"turns":4.0},{"damage":10.0,"enemies":"Large Slime","floor":8.0,"turns":7.0},{"damage":10.0,"enemies":"3 Sentries","floor":11.0,"turns":5.0},{"damage":17.0,"enemies":"Gremlin Nob","floor":13.0,"turns":4.0},{"damage":18,"enemies":"Lagavulin Event","floor":14,"turns":5},{"damage":8,"enemies":"Hexaghost","floor":16,"turns":9}],"seed_played":"2769289541850337859","potions_obtained":[{"floor":1.0,"key":"LiquidMemories"},{"floor":2.0,"key":"CunningPotion"},{"floor":4.0,"key":"EntropicBrew"},{"floor":11.0,"key":"SpeedPotion"},{"floor":13.0,"key":"PowerPotion"},{"floor":14,"key":"Strength Potion"}],"is_trial":false,"path_per_floor":["M","M","?","M","M","R","E","M","T","?","E","R","E","?","R","B"],"character_chosen":"THE_SILENT","items_purchased":[],"campfire_rested":2,"item_purchase_floors":[],"current_hp_per_floor":[50,50,66,60,56,56,26,31,31,31,21,40,23,5,24,16],"gold":420,"neow_bonus":"BOSS_RELIC","is_prod":false,"is_daily":false,"chose_seed":false,"campfire_upgraded":1,"win_rate":0,"timestamp":1662597279,"path_taken":["M","M","?","M","M","R","E","M","T","?","E","R","E","?","R","BOSS"],"build_version":"2022-03-07","purchased_purges":0,"victory":false,"max_hp_per_floor":[66,66,66,66,66,66,66,66,66,66,66,66,66,66,66,66],"relic_stats":{"Peace Pipe":0,"counters":[10,50],"Blue Candle":[0],"Tiny Chest":0,"Juzu Bracelet":0,"obtain_stats":[{"Peace Pipe":14,"Blue Candle":7,"Velvet Choker":0,"Tiny Chest":13,"Juzu Bracelet":11,"Akabeko":9,"Ring of the Snake":0},{"Peace Pipe":8,"Blue Candle":5,"Velvet Choker":0,"Tiny Chest":8,"Juzu Bracelet":7,"Akabeko":6,"Ring of the Snake":0},{"Peace Pipe":36,"Blue Candle":20,"Velvet Choker":0,"Tiny Chest":36,"Juzu Bracelet":32,"Akabeko":27,"Ring of the Snake":0}]},"card_choices":[{"not_picked":["Acrobatics","Calculated Gamble"],"picked":"All Out Attack","floor":1.0},{"not_picked":["Dagger Spray","Deadly Poison"],"picked":"PiercingWail","floor":2.0},{"not_picked":["Cloak And Dagger","Escape Plan"],"picked":"Riddle With Holes","floor":4.0},{"not_picked":["Flechettes","Bane"],"picked":"Caltrops","floor":5.0},{"not_picked":["Terror","Reflex"],"picked":"Well Laid Plans","floor":7.0},{"not_picked":["Finisher","Expertise"],"picked":"Bouncing Flask","floor":8.0},{"not_picked":["Blur","Escape Plan"],"picked":"Crippling Poison","floor":11.0},{"not_picked":["Prepared","Quick Slash"],"picked":"Deadly Poison","floor":13.0}],"player_experience":1167075,"relics_obtained":[{"floor":7.0,"key":"Blue Candle"},{"floor":9.0,"key":"Akabeko"},{"floor":11.0,"key":"Juzu Bracelet"},{"floor":13.0,"key":"Tiny Chest"}],"event_choices":[{"damage_healed":22.0,"max_hp_gain":0.0,"max_hp_loss":0.0,"gold_gain":0.0,"event_name":"Big Fish","player_choice":"Banana","floor":3.0,"gold_loss":0.0,"damage_taken":0.0},{"damage_healed":0.0,"max_hp_gain":0.0,"max_hp_loss":0.0,"gold_gain":72.0,"event_name":"Golden Wing","player_choice":"Gained Gold","floor":10.0,"gold_loss":0.0,"damage_taken":0.0},{"damage_healed":0,"gold_gain":0,"player_choice":"Searched \u00272\u0027 times","damage_taken":0,"relics_obtained":["Peace Pipe"],"max_hp_gain":0,"max_hp_loss":0,"event_name":"Dead Adventurer","floor":14,"gold_loss":0}],"is_beta":false,"boss_relics":[],"items_purged_floors":[],"is_endless":false,"potions_floor_spawned":[1,2,4,11,13,14],"killed_by":"Hexaghost","ascension_level":20}