{"gold_per_floor":[113,129,129,129,141,141,141,181,181,197,237,69,110,133,133,228,228,247,247,70,70,70,100,100,133,133,133,165,176,12,24,24,95,95,109,0,19,19,44,72,92,118,118,118,118,152,166,166,166,166,166],"floor_reached":51,"playtime":3280,"items_purged":["Tactician"],"score":1743,"play_id":"fd987de5-bd5a-42b8-a24a-26bd8dec3216","local_time":"20220904224019","is_ascension_mode":true,"campfire_choices":[{"data":"Blade Dance","floor":6.0,"key":"SMITH"},{"data":"Blade Dance","floor":15.0,"key":"SMITH"},{"data":"RitualDagger","floor":27.0,"key":"SMITH"},{"data":"Choke","floor":32.0,"key":"SMITH"},{"floor":45.0,"key":"RECALL"},{"floor":49.0,"key":"REST"}],"neow_cost":"PERCENT_DAMAGE","seed_source_timestamp":0,"circlet_count":0,"master_deck":["AscendersBane","Survivor","Neutralize","Blade Dance+1","Choke+1","Blade Dance+1","Die Die Die","Calculated Gamble","Backflip","Corpse Explosion","Crippling Poison","Footwork","Expertise","PiercingWail","Deflect+1","Bouncing Flask+1","Caltrops","Poisoned Stab","Terror","Deflect","Accuracy","RitualDagger+1","PiercingWail","Finisher+1","Phantasmal Killer","Calculated Gamble+1","Thinking Ahead","Dark Shackles","Well Laid Plans","Leg Sweep","Burst"],"special_seed":0,"relics":["Ring of the Snake","Bloody Idol","Du-Vu Doll","Kunai","Bronze Scales","Oddly Smooth Stone","Singing Bowl","Pandora\u0027s Box","War Paint","Anchor","Thread and Needle","Pen Nib","Bag of Marbles","Fusion Hammer","Red Mask","StoneCalendar","Tingsha","The Specimen"],"potions_floor_usage":[51],"damage_taken":[{"damage":0.0,"enemies":"2 Louse","floor":1.0,"turns":4.0},{"damage":7.0,"enemies":"Jaw Worm","floor":2.0,"turns":6.0},{"damage":0.0,"enemies":"Small Slimes","floor":5.0,"turns":1.0},{"damage":11.0,"enemies":"Gremlin Nob","floor":8.0,"turns":3.0},{"damage":4.0,"enemies":"Blue Slaver","floor":10.0,"turns":3.0},{"damage":13.0,"enemies":"3 Sentries","floor":11.0,"turns":7.0},{"damage":5.0,"enemies":"Lagavulin","floor":13.0,"turns":7.0},{"damage":6.0,"enemies":"Red Slaver","floor":14.0,"turns":2.0},{"damage":28.0,"enemies":"Hexaghost","floor":16.0,"turns":8.0},{"damage":8.0,"enemies":"Shell Parasite","floor":18.0,"turns":4.0},{"damage":0.0,"enemies":"Gremlin Leader","floor":23.0,"turns":4.0},{"damage":11.0,"enemies":"Slavers","floor":25.0,"turns":4.0},{"damage":13.0,"enemies":"Book of Stabbing","floor":28.0,"turns":5.0},{"damage":0.0,"enemies":"3 Byrds","floor":29.0,"turns":4.0},{"damage":2.0,"enemies":"3 Cultists","floor":31.0,"turns":6.0},{"damage":34.0,"enemies":"Collector","floor":33.0,"turns":8.0},{"damage":0.0,"enemies":"Orb Walker","floor":35.0,"turns":3.0},{"damage":4.0,"enemies":"3 Darklings","floor":37.0,"turns":3.0},{"damage":3.0,"enemies":"Mind Bloom Boss Battle","floor":39.0,"turns":3.0},{"damage":0.0,"enemies":"Giant Head","floor":40.0,"turns":3.0},{"damage":7.0,"enemies":"Sphere and 2 Shapes","floor":41.0,"turns":4.0},{"damage":0.0,"enemies":"Nemesis","floor":42.0,"turns":5.0},{"damage":37.0,"enemies":"Reptomancer","floor":46.0,"turns":6.0},{"damage":0.0,"enemies":"Writhing Mass","floor":47.0,"turns":4.0},{"damage":68.0,"enemies":"Time Eater","floor":50.0,"turns":9.0},{"damage":32,"enemies":"Donu and Deca","floor":51,"turns":4}],"seed_played":"-8552625716908494789","potions_obtained":[{"floor":2.0,"key":"Regen Potion"},{"floor":5.0,"key":"Fruit Juice"},{"floor":11.0,"key":"Fruit Juice"},{"floor":18.0,"key":"Block Potion"},{"floor":25.0,"key":"Energy Potion"},{"floor":29.0,"key":"Poison Potion"},{"floor":39.0,"key":"Strength Potion"},{"floor":41.0,"key":"EntropicBrew"}],"is_trial":false,"path_per_floor":["M","M","?","?","M","R","?","E","T","M","E","$","E","M","R","B",null,"M","?","$","?","?","E","?","E","T","R","E","M","$","M","R","B",null,"M","?","M","?","?","E","M","E","T","?","R","E","M","?","R","B","B"],"character_chosen":"THE_SILENT","items_purchased":["Oddly Smooth Stone","Deflect","Accuracy","Bag of Marbles"],"campfire_rested":1,"item_purchase_floors":[12,20,20,30],"current_hp_per_floor":[56,49,75,68,73,73,73,62,62,58,65,65,60,56,56,28,69,61,61,61,61,61,68,62,56,56,56,48,53,53,58,58,29,72,79,79,80,72,74,79,79,84,84,84,84,54,61,61,88,20,0],"gold":166,"neow_bonus":"TWENTY_PERCENT_HP_BONUS","is_prod":false,"is_daily":false,"chose_seed":false,"campfire_upgraded":4,"win_rate":0,"timestamp":1662356419,"path_taken":["M","M","?","?","M","R","?","E","T","M","E","$","E","?","R","BOSS","M","?","$","?","?","E","?","E","T","R","E","M","?","M","R","BOSS","M","?","M","?","?","E","M","E","T","?","R","E","M","?","R","BOSS","BOSS"],"build_version":"2022-03-07","purchased_purges":1,"victory":false,"max_hp_per_floor":[78,78,78,78,83,83,75,75,75,75,80,80,80,82,82,82,82,82,82,82,82,82,84,84,84,84,84,84,84,84,86,86,86,86,88,88,88,90,90,90,92,92,92,87,87,89,91,91,91,91,91],"relic_stats":{"Singing Bowl":16,"The Specimen":[0],"counters":[26,120],"StoneCalendar":[52],"Tingsha":[72],"Pen Nib":[14],"War Paint":["Bouncing Flask","Deflect"],"Bloody Idol":70,"Bronze Scales":[307],"Pandora\u0027s Box":["Crippling Poison","Tactician","Footwork","Expertise","PiercingWail","Deflect","Bouncing Flask","Caltrops","Poisoned Stab"],"Kunai":[59],"obtain_stats":[{"Singing Bowl":13,"The Specimen":46,"Golden Idol":7,"Oddly Smooth Stone":12,"Thread and Needle":26,"StoneCalendar":39,"Tingsha":40,"Pen Nib":28,"War Paint":23,"Du-Vu Doll":8,"Anchor":25,"Bronze Scales":11,"Bloody Idol":19,"Pandora\u0027s Box":17,"Fusion Hammer":34,"Bag of Marbles":30,"Red Mask":36,"Kunai":9,"Ring of the Snake":0},{"Singing Bowl":7,"The Specimen":23,"Golden Idol":3,"Oddly Smooth Stone":6,"Thread and Needle":12,"StoneCalendar":19,"Tingsha":20,"Pen Nib":13,"War Paint":11,"Du-Vu Doll":4,"Anchor":12,"Bronze Scales":6,"Bloody Idol":10,"Pandora\u0027s Box":9,"Fusion Hammer":16,"Bag of Marbles":14,"Red Mask":17,"Kunai":4,"Ring of the Snake":0},{"Singing Bowl":31,"The Specimen":103,"Golden Idol":11,"Oddly Smooth Stone":24,"Thread and Needle":53,"StoneCalendar":85,"Tingsha":88,"Pen Nib":58,"War Paint":49,"Du-Vu Doll":14,"Anchor":53,"Bronze Scales":24,"Bloody Idol":45,"Pandora\u0027s Box":41,"Fusion Hammer":76,"Bag of Marbles":62,"Red Mask":79,"Kunai":14,"Ring of the Snake":0}],"Ring of the Snake":[52]},"card_choices":[{"not_picked":["Cloak And Dagger","Backflip"],"picked":"Blade Dance","floor":1.0},{"not_picked":["Dagger Spray","Sucker Punch"],"picked":"Choke","floor":2.0},{"not_picked":["Acrobatics","Eviscerate"],"picked":"Blade Dance","floor":5.0},{"not_picked":["Outmaneuver","Dagger Spray"],"picked":"Die Die Die","floor":8.0},{"not_picked":["Underhanded Strike","Endless Agony","Flying Knee"],"picked":"SKIP","floor":10.0},{"not_picked":["Tactician","Flying Knee"],"picked":"Calculated Gamble","floor":11.0},{"not_picked":["Blade Dance","Masterful Stab"],"picked":"Backflip","floor":13.0},{"not_picked":["Calculated Gamble","Cloak And Dagger","Deflect"],"picked":"Singing Bowl","floor":14.0},{"not_picked":["Doppelganger","Glass Knife"],"picked":"Corpse Explosion","floor":16.0},{"not_picked":["Deflect+1","Flechettes"],"picked":"Terror","floor":18.0},{"not_picked":["Setup","Flechettes","Heel Hook"],"picked":"Singing Bowl","floor":23.0},{"not_picked":["Infinite Blades","Tools of the Trade"],"picked":"Dash","floor":25.0},{"not_picked":["Calculated Gamble","Deflect"],"picked":"PiercingWail","floor":28.0},{"not_picked":["Slice","Quick Slash"],"picked":"Finisher+1","floor":29.0},{"not_picked":["Flechettes","Poisoned Stab","Finisher"],"picked":"Singing Bowl","floor":31.0},{"not_picked":["Malaise","Grand Finale"],"picked":"Phantasmal Killer","floor":33.0},{"not_picked":["Deflect","Escape Plan","Eviscerate"],"picked":"Singing Bowl","floor":35.0},{"not_picked":["Blur","Riddle With Holes"],"picked":"Calculated Gamble+1","floor":37.0},{"not_picked":["Discovery","Panache"],"picked":"Thinking Ahead","floor":38.0},{"not_picked":["Blind","Impatience","Good Instincts"],"picked":"Singing Bowl","floor":38.0},{"not_picked":["Discovery","Bandage Up"],"picked":"Dark Shackles","floor":38.0},{"not_picked":["Dagger Throw","Choke"],"picked":"Well Laid Plans","floor":39.0},{"not_picked":["Slice","Outmaneuver"],"picked":"Leg Sweep","floor":40.0},{"not_picked":["Eviscerate","Slice","Expertise"],"picked":"Singing Bowl","floor":41.0},{"not_picked":["Phantasmal Killer","Slice+1"],"picked":"Burst","floor":42.0},{"not_picked":["Deadly Poison","Finisher","Terror"],"picked":"Singing Bowl","floor":46.0},{"not_picked":["Expertise+1","Cloak And Dagger","Dagger Spray"],"picked":"Singing Bowl","floor":47.0}],"player_experience":1158117,"relics_obtained":[{"floor":8.0,"key":"Du-Vu Doll"},{"floor":9.0,"key":"Kunai"},{"floor":11.0,"key":"Bronze Scales"},{"floor":13.0,"key":"Singing Bowl"},{"floor":23.0,"key":"War Paint"},{"floor":25.0,"key":"Anchor"},{"floor":26.0,"key":"Thread and Needle"},{"floor":28.0,"key":"Pen Nib"},{"floor":39.0,"key":"StoneCalendar"},{"floor":40.0,"key":"Tingsha"},{"floor":46.0,"key":"The Specimen"}],"event_choices":[{"damage_healed":26.0,"max_hp_gain":0.0,"max_hp_loss":0.0,"gold_gain":0.0,"event_name":"Big Fish","player_choice":"Banana","floor":3.0,"gold_loss":0.0,"damage_taken":0.0},{"cards_removed":["Strike_G"],"damage_healed":0.0,"max_hp_gain":0.0,"max_hp_loss":0.0,"gold_gain":0.0,"event_name":"Golden Wing","player_choice":"Card Removal","floor":4.0,"gold_loss":0.0,"damage_taken":7.0},{"damage_healed":0.0,"max_hp_gain":0.0,"max_hp_loss":8.0,"gold_gain":0.0,"event_name":"Golden Idol","player_choice":"Lose Max HP","floor":7.0,"gold_loss":0.0,"damage_taken":0.0,"relics_obtained":["Golden Idol"]},{"damage_healed":0.0,"max_hp_gain":0.0,"max_hp_loss":0.0,"gold_gain":0.0,"event_name":"Forgotten Altar","player_choice":"Gave Idol","floor":19.0,"relics_lost":["Golden Idol"],"gold_loss":0.0,"damage_taken":0.0,"relics_obtained":["Bloody Idol"]},{"damage_healed":0.0,"max_hp_gain":0.0,"max_hp_loss":0.0,"gold_gain":0.0,"event_name":"The Mausoleum","player_choice":"Ignored","floor":21.0,"gold_loss":0.0,"damage_taken":0.0},{"damage_healed":0.0,"max_hp_gain":0.0,"max_hp_loss":0.0,"gold_gain":0.0,"event_name":"Vampires","player_choice":"Ignored","floor":22.0,"gold_loss":0.0,"damage_taken":0.0},{"damage_healed":0.0,"max_hp_gain":0.0,"max_hp_loss":0.0,"gold_gain":0.0,"event_name":"Nest","player_choice":"Joined the Cult","floor":24.0,"gold_loss":0.0,"damage_taken":6.0,"cards_obtained":["RitualDagger"]},{"damage_healed":0.0,"max_hp_gain":0.0,"max_hp_loss":0.0,"gold_gain":0.0,"event_name":"Tomb of Lord Red Mask","player_choice":"Paid","floor":36.0,"gold_loss":109.0,"damage_taken":0.0,"relics_obtained":["Red Mask"]},{"damage_healed":0.0,"max_hp_gain":0.0,"max_hp_loss":0.0,"gold_gain":0.0,"event_name":"SensoryStone","player_choice":"Memory 3","floor":38.0,"gold_loss":0.0,"damage_taken":10.0},{"damage_healed":0.0,"max_hp_gain":0.0,"max_hp_loss":0.0,"gold_gain":0.0,"event_name":"MindBloom","player_choice":"Fight","floor":39.0,"gold_loss":0.0,"damage_taken":0.0},{"damage_healed":0.0,"max_hp_gain":0.0,"max_hp_loss":5.0,"gold_gain":0.0,"event_name":"Winding Halls","player_choice":"Max HP","floor":44.0,"gold_loss":0.0,"damage_taken":0.0},{"cards_removed":["Dash"],"damage_healed":0.0,"max_hp_gain":0.0,"max_hp_loss":0.0,"gold_gain":0.0,"event_name":"Falling","player_choice":"Removed Attack","floor":48.0,"gold_loss":0.0,"damage_taken":0.0}],"is_beta":false,"boss_relics":[{"not_picked":["Velvet Choker","Astrolabe"],"picked":"Pandora\u0027s Box"},{"not_picked":["Ring of the Serpent","Runic Pyramid"],"picked":"Fusion Hammer"}],"items_purged_floors":[20],"is_endless":false,"potions_floor_spawned":[2,5,11,18,25,29,31,39,41,46],"killed_by":"Donu and Deca","ascension_level":20}