{"gold_per_floor":[114,37,48,61,61,61,74,101,125,125,152,22,55,55,55,55],"floor_reached":16,"playtime":694,"items_purged":["Writhe"],"score":236,"play_id":"cce150fd-1545-47ce-9d2b-19f49040cbc2","local_time":"20220930134811","is_ascension_mode":true,"campfire_choices":[{"floor":6.0,"key":"REST"},{"data":"Burst","floor":10.0,"key":"SMITH"},{"floor":15.0,"key":"REST"}],"neow_cost":"CURSE","seed_source_timestamp":482078891708253,"circlet_count":0,"master_deck":["AscendersBane","Strike_G+1","Strike_G","Strike_G","Defend_G","Defend_G","Defend_G","Defend_G","Defend_G","Survivor","Neutralize","Corpse Explosion","Blur","Dagger Spray+1","Adrenaline","Predator","Dash","Burst+1","Well Laid Plans","Leg Sweep"],"special_seed":0,"relics":["Ring of the Snake","Vajra","Nunchaku","Centennial Puzzle","Strawberry","Blood Vial"],"potions_floor_usage":[],"damage_taken":[{"damage":7.0,"enemies":"Jaw Worm","floor":1.0,"turns":6.0},{"damage":5.0,"enemies":"Cultist","floor":3.0,"turns":5.0},{"damage":0.0,"enemies":"2 Louse","floor":4.0,"turns":2.0},{"damage":2.0,"enemies":"Lots of Slimes","floor":7.0,"turns":2.0},{"damage":15.0,"enemies":"Lagavulin","floor":8.0,"turns":6.0},{"damage":20.0,"enemies":"Gremlin Nob","floor":11.0,"turns":4.0},{"damage":2.0,"enemies":"3 Sentries","floor":13.0,"turns":2.0},{"damage":34,"enemies":"Slime Boss","floor":16,"turns":8}],"seed_played":"2316398913524082116","potions_obtained":[{"floor":3.0,"key":"SpeedPotion"},{"floor":4.0,"key":"SneckoOil"},{"floor":7.0,"key":"SkillPotion"}],"is_trial":false,"path_per_floor":["M","$","M","M","?","R","M","E","T","R","E","$","E","?","R","B"],"character_chosen":"THE_SILENT","items_purchased":["Adrenaline","SkillPotion"],"campfire_rested":2,"item_purchase_floors":[2,12],"current_hp_per_floor":[52,52,47,47,27,46,44,29,29,29,9,9,14,14,35,3],"gold":55,"neow_bonus":"TRANSFORM_TWO_CARDS","is_prod":false,"is_daily":false,"chose_seed":false,"campfire_upgraded":1,"win_rate":0,"timestamp":1664570891,"path_taken":["M","$","M","M","?","R","M","E","T","R","E","$","E","?","R","BOSS"],"build_version":"2022-03-07","purchased_purges":1,"victory":false,"max_hp_per_floor":[66,66,66,66,66,66,66,66,66,66,66,66,73,73,73,73],"relic_stats":{"Blood Vial":2,"Nunchaku":[2],"Centennial Puzzle":[6],"counters":[8,35],"obtain_stats":[{"Blood Vial":14,"Nunchaku":9,"Centennial Puzzle":11,"Strawberry":13,"Vajra":8,"Ring of the Snake":0},{"Blood Vial":7,"Nunchaku":5,"Centennial Puzzle":6,"Strawberry":7,"Vajra":5,"Ring of the Snake":0},{"Blood Vial":27,"Nunchaku":21,"Centennial Puzzle":25,"Strawberry":27,"Vajra":21,"Ring of the Snake":0}],"Ring of the Snake":[16]},"card_choices":[{"not_picked":["Bane","PiercingWail"],"picked":"Dagger Spray","floor":1.0},{"not_picked":["Escape Plan","Backflip"],"picked":"Predator","floor":3.0},{"not_picked":["Dodge and Roll","Predator","Setup"],"picked":"SKIP","floor":4.0},{"not_picked":["Outmaneuver","Leg Sweep"],"picked":"Dash","floor":7.0},{"not_picked":["Dodge and Roll","Dagger Throw"],"picked":"Burst","floor":8.0},{"not_picked":["Bane","Deadly Poison"],"picked":"Well Laid Plans","floor":11.0},{"not_picked":["Calculated Gamble","Heel Hook"],"picked":"Leg Sweep","floor":13.0}],"player_experience":1246908,"relics_obtained":[{"floor":8.0,"key":"Vajra"},{"floor":9.0,"key":"Nunchaku"},{"floor":11.0,"key":"Centennial Puzzle"},{"floor":13.0,"key":"Strawberry"}],"event_choices":[{"damage_healed":0.0,"max_hp_gain":0.0,"max_hp_loss":0.0,"gold_gain":0.0,"event_name":"Shining Light","player_choice":"Entered Light","floor":5.0,"gold_loss":0.0,"damage_taken":20.0,"cards_upgraded":["Strike_G","Dagger Spray"]},{"damage_healed":0.0,"max_hp_gain":0.0,"max_hp_loss":0.0,"gold_gain":0.0,"event_name":"WeMeetAgain","player_choice":"Gave Potion","floor":14.0,"gold_loss":0.0,"damage_taken":0.0,"relics_obtained":["Blood Vial"]}],"is_beta":false,"boss_relics":[],"items_purged_floors":[12],"is_endless":false,"potions_floor_spawned":[3,4,7],"killed_by":"Slime Boss","ascension_level":20}