{"gold_per_floor":[365,365,385,30,45,45,56,91,91,91,91,162,186,223,223,309,318,335,419,519,278,328,364,414,440,440,513,535,577,577,596,596,596],"floor_reached":33,"playtime":2111,"items_purged":["Strike_G"],"score":705,"play_id":"e74da1c8-80dc-45ea-9c3a-cc18bb356734","local_time":"20221004011619","is_ascension_mode":true,"campfire_choices":[{"data":"Predator","floor":6.0,"key":"SMITH"},{"data":"Noxious Fumes","floor":10.0,"key":"SMITH"},{"floor":15.0,"key":"REST"},{"data":"Calculated Gamble","floor":30.0,"key":"SMITH"},{"data":"Malaise","floor":32.0,"key":"SMITH"}],"neow_cost":"TEN_PERCENT_HP_LOSS","seed_source_timestamp":0,"circlet_count":0,"master_deck":["AscendersBane","Strike_G","Strike_G","Strike_G","Strike_G","Defend_G","Defend_G","Defend_G","Defend_G","Defend_G","Survivor","Neutralize","Predator+1","Noxious Fumes+1","Cloak And Dagger","Deadly Poison","Corpse Explosion","Dagger Spray","Backflip","Bouncing Flask","Malaise+1","CurseOfTheBell","Dagger Throw+1","Poisoned Stab+1","Escape Plan","Calculated Gamble+1"],"special_seed":0,"relics":["Ring of the Snake","Ice Cream","CeramicFish","SsserpentHead","HornCleat","Calling Bell","Akabeko","Molten Egg 2","FossilizedHelix","Red Mask","Happy Flower","PreservedInsect","Pen Nib","Bag of Marbles","Matryoshka"],"potions_floor_usage":[33,33],"damage_taken":[{"damage":3.0,"enemies":"Jaw Worm","floor":1.0,"turns":5.0},{"damage":1.0,"enemies":"Cultist","floor":3.0,"turns":3.0},{"damage":0.0,"enemies":"Small Slimes","floor":5.0,"turns":3.0},{"damage":11.0,"enemies":"Looter","floor":7.0,"turns":3.0},{"damage":21.0,"enemies":"Gremlin Nob","floor":8.0,"turns":4.0},{"damage":4.0,"enemies":"Blue Slaver","floor":12.0,"turns":5.0},{"damage":8.0,"enemies":"3 Louse","floor":13.0,"turns":4.0},{"damage":1.0,"enemies":"Lagavulin","floor":14.0,"turns":7.0},{"damage":21.0,"enemies":"The Guardian","floor":16.0,"turns":8.0},{"damage":4.0,"enemies":"Shell Parasite","floor":18.0,"turns":5.0},{"damage":6.0,"enemies":"Masked Bandits","floor":19.0,"turns":2.0},{"damage":4.0,"enemies":"Gremlin Leader","floor":23.0,"turns":7.0},{"damage":12.0,"enemies":"Book of Stabbing","floor":25.0,"turns":6.0},{"damage":0.0,"enemies":"Spheric Guardian","floor":27.0,"turns":2.0},{"damage":0.0,"enemies":"Centurion and Healer","floor":28.0,"turns":3.0},{"damage":0.0,"enemies":"Gremlin Leader","floor":29.0,"turns":3.0},{"damage":0.0,"enemies":"Snecko","floor":31.0,"turns":4.0},{"damage":41,"enemies":"Champ","floor":33,"turns":18}],"seed_played":"805024145178741611","potions_obtained":[{"floor":1.0,"key":"Energy Potion"},{"floor":3.0,"key":"ColorlessPotion"},{"floor":5.0,"key":"BlessingOfTheForge"},{"floor":12.0,"key":"Fire Potion"},{"floor":18.0,"key":"Explosive Potion"},{"floor":25.0,"key":"Swift Potion"},{"floor":27.0,"key":"Fire Potion"},{"floor":29.0,"key":"Regen Potion"}],"is_trial":false,"path_per_floor":["M","$","M","$","M","R","M","E","T","R","?","M","M","E","R","B",null,"M","?","?","$","?","E","?","E","T","M","M","E","R","M","R","B"],"character_chosen":"THE_SILENT","items_purchased":["Ice Cream","Cloak And Dagger","Happy Flower"],"campfire_rested":1,"item_purchase_floors":[4,4,21],"current_hp_per_floor":[56,56,55,55,55,55,44,23,23,23,23,19,11,10,28,7,47,43,37,37,37,49,45,29,17,17,17,17,17,17,17,17,0],"gold":596,"neow_bonus":"TWO_FIFTY_GOLD","is_prod":false,"is_daily":false,"chose_seed":false,"campfire_upgraded":4,"win_rate":0,"timestamp":1664871379,"path_taken":["M","$","M","$","M","R","M","E","T","R","?","?","M","E","R","BOSS","M","?","?","$","?","E","?","E","T","?","M","E","R","M","R","BOSS"],"build_version":"2022-03-07","purchased_purges":1,"victory":false,"max_hp_per_floor":[60,60,60,60,60,60,60,60,60,60,60,60,60,60,60,60,60,60,60,60,60,60,60,65,65,65,65,65,65,65,65,65,65],"relic_stats":{"Ice Cream":[184],"SsserpentHead":300,"Matryoshka":0,"Happy Flower":[14],"counters":[18,92],"CeramicFish":90,"PreservedInsect":87,"Pen Nib":[1],"obtain_stats":[{"Ice Cream":4,"Happy Flower":21,"CeramicFish":8,"PreservedInsect":23,"Pen Nib":25,"Akabeko":17,"Calling Bell":17,"SsserpentHead":11,"HornCleat":14,"Matryoshka":29,"Molten Egg 2":17,"Red Mask":19,"Bag of Marbles":26,"FossilizedHelix":17,"Ring of the Snake":0},{"Ice Cream":2,"Happy Flower":11,"CeramicFish":5,"PreservedInsect":12,"Pen Nib":13,"Akabeko":9,"Calling Bell":9,"SsserpentHead":5,"HornCleat":8,"Matryoshka":16,"Molten Egg 2":9,"Red Mask":11,"Bag of Marbles":13,"FossilizedHelix":9,"Ring of the Snake":0},{"Ice Cream":8,"Happy Flower":49,"CeramicFish":18,"PreservedInsect":56,"Pen Nib":62,"Akabeko":42,"Calling Bell":42,"SsserpentHead":18,"HornCleat":34,"Matryoshka":70,"Molten Egg 2":42,"Red Mask":49,"Bag of Marbles":62,"FossilizedHelix":42,"Ring of the Snake":0}],"FossilizedHelix":[51],"Ring of the Snake":[36]},"card_choices":[{"not_picked":["Prepared","Footwork"],"picked":"Predator","floor":1.0},{"not_picked":["Outmaneuver","Bane"],"picked":"Noxious Fumes","floor":3.0},{"not_picked":["Underhanded Strike","Riddle With Holes"],"picked":"Deadly Poison","floor":5.0},{"not_picked":["Backflip","Underhanded Strike","Tactician"],"picked":"SKIP","floor":7.0},{"not_picked":["Cloak And Dagger","Dagger Throw"],"picked":"Corpse Explosion","floor":8.0},{"not_picked":["Deadly Poison","Masterful Stab"],"picked":"Dagger Spray","floor":12.0},{"not_picked":["Choke","Dagger Throw"],"picked":"Backflip","floor":13.0},{"not_picked":["Sucker Punch","Corpse Explosion"],"picked":"Bouncing Flask","floor":14.0},{"not_picked":["A Thousand Cuts","Storm of Steel"],"picked":"Malaise","floor":16.0},{"not_picked":["Flechettes+1","Slice+1","Choke+1"],"picked":"SKIP","floor":18.0},{"not_picked":["Cloak And Dagger","Corpse Explosion"],"picked":"Dagger Throw+1","floor":23.0},{"not_picked":["Bane+1","Dagger Spray+1","Dagger Throw+1"],"picked":"SKIP","floor":25.0},{"not_picked":["Cloak And Dagger","Eviscerate+1"],"picked":"Poisoned Stab+1","floor":27.0},{"not_picked":["Dodge and Roll","Outmaneuver"],"picked":"Escape Plan","floor":28.0},{"not_picked":["Blur","Quick Slash+1"],"picked":"Calculated Gamble","floor":29.0},{"not_picked":["Dodge and Roll","Underhanded Strike+1","Quick Slash+1"],"picked":"SKIP","floor":31.0}],"player_experience":1273138,"relics_obtained":[{"floor":8.0,"key":"CeramicFish"},{"floor":14.0,"key":"HornCleat"},{"floor":17.0,"key":"Akabeko"},{"floor":17.0,"key":"Molten Egg 2"},{"floor":17.0,"key":"FossilizedHelix"},{"floor":19.0,"key":"Red Mask"},{"floor":23.0,"key":"PreservedInsect"},{"floor":25.0,"key":"Pen Nib"},{"floor":26.0,"key":"Bag of Marbles"},{"floor":29.0,"key":"Matryoshka"}],"event_choices":[{"damage_healed":0.0,"max_hp_gain":0.0,"max_hp_loss":0.0,"gold_gain":0.0,"event_name":"FaceTrader","player_choice":"Trade","floor":11.0,"gold_loss":0.0,"damage_taken":0.0,"relics_obtained":["SsserpentHead"]},{"damage_healed":0.0,"max_hp_gain":0.0,"max_hp_loss":0.0,"gold_gain":0.0,"event_name":"Masked Bandits","player_choice":"Fought Bandits","floor":19.0,"gold_loss":0.0,"damage_taken":0.0},{"damage_healed":0.0,"max_hp_gain":0.0,"max_hp_loss":0.0,"gold_gain":50.0,"event_name":"Nest","player_choice":"Stole From Cult","floor":20.0,"gold_loss":0.0,"damage_taken":0.0},{"damage_healed":12.0,"max_hp_gain":0.0,"max_hp_loss":0.0,"gold_gain":0.0,"event_name":"The Library","player_choice":"Heal","floor":22.0,"gold_loss":0.0,"damage_taken":0.0},{"damage_healed":0.0,"max_hp_gain":5.0,"max_hp_loss":0.0,"gold_gain":0.0,"event_name":"Forgotten Altar","player_choice":"Shed Blood","floor":24.0,"gold_loss":0.0,"damage_taken":21.0}],"is_beta":false,"boss_relics":[{"not_picked":["Runic Dome","Tiny House"],"picked":"Calling Bell"}],"items_purged_floors":[21],"is_endless":false,"potions_floor_spawned":[1,3,5,12,18,25,27,29],"killed_by":"Champ","ascension_level":20}