{"gold_per_floor":[113,113,128,128,140,140,175,175,227,20,53,128,128,145,145,145],"floor_reached":16,"playtime":645,"items_purged":["Pain"],"score":216,"play_id":"96a6cc6b-8c7b-41e4-af09-60d30843d9cb","local_time":"20220925002426","is_ascension_mode":true,"campfire_choices":[{"data":"Eviscerate","floor":6.0,"key":"SMITH"},{"data":"Leg Sweep","floor":8.0,"key":"SMITH"},{"floor":15.0,"key":"REST"}],"neow_cost":"PERCENT_DAMAGE","seed_source_timestamp":179191811304673,"circlet_count":0,"master_deck":["AscendersBane","Strike_G","Strike_G","Strike_G","Strike_G","Strike_G","Defend_G","Defend_G","Defend_G","Defend_G","Survivor","Neutralize","Eviscerate+1","Backflip","Leg Sweep+1","Catalyst","Predator"],"special_seed":0,"relics":["Ring of the Snake","Gambling Chip","WarpedTongs","Smiling Mask","Snake Skull","OrangePellets","Ginger"],"potions_floor_usage":[16],"damage_taken":[{"damage":3.0,"enemies":"Jaw Worm","floor":1.0,"turns":5.0},{"damage":0.0,"enemies":"Cultist","floor":3.0,"turns":3.0},{"damage":0.0,"enemies":"Small Slimes","floor":5.0,"turns":2.0},{"damage":25.0,"enemies":"Gremlin Nob","floor":7.0,"turns":4.0},{"damage":7.0,"enemies":"Lagavulin","floor":11.0,"turns":7.0},{"damage":0.0,"enemies":"3 Louse","floor":14.0,"turns":3.0},{"damage":32,"enemies":"Hexaghost","floor":16,"turns":11}],"seed_played":"9198888816434807934","potions_obtained":[{"floor":3.0,"key":"Explosive Potion"},{"floor":5.0,"key":"Regen Potion"},{"floor":14.0,"key":"LiquidMemories"}],"is_trial":false,"path_per_floor":["M","?","M","?","M","R","E","R","T","$","E","?","?","M","R","B"],"character_chosen":"THE_SILENT","items_purchased":["OrangePellets"],"campfire_rested":1,"item_purchase_floors":[10],"current_hp_per_floor":[41,41,41,41,41,41,16,16,16,16,24,13,13,13,32,0],"gold":145,"neow_bonus":"ONE_RARE_RELIC","is_prod":false,"is_daily":false,"chose_seed":false,"campfire_upgraded":2,"win_rate":0,"timestamp":1664083466,"path_taken":["M","?","M","?","?","R","E","R","T","$","E","?","?","M","R","BOSS"],"build_version":"2022-03-07","purchased_purges":1,"victory":false,"max_hp_per_floor":[66,66,66,66,66,66,66,66,66,66,66,66,66,66,66,66],"relic_stats":{"OrangePellets":[0],"counters":[7,35],"Gambling Chip":[20],"Snake Skull":[0],"Ginger":[2],"Smiling Mask":25,"obtain_stats":[{"OrangePellets":10,"Gambling Chip":0,"Snake Skull":9,"Ginger":11,"Smiling Mask":7,"Ring of the Snake":0,"WarpedTongs":4},{"OrangePellets":4,"Gambling Chip":0,"Snake Skull":4,"Ginger":5,"Smiling Mask":4,"Ring of the Snake":0,"WarpedTongs":2},{"OrangePellets":14,"Gambling Chip":0,"Snake Skull":14,"Ginger":21,"Smiling Mask":14,"Ring of the Snake":0,"WarpedTongs":8}],"Ring of the Snake":[14],"WarpedTongs":[25]},"card_choices":[{"not_picked":["Sucker Punch","Prepared"],"picked":"Eviscerate","floor":1.0},{"not_picked":["Endless Agony","Bane"],"picked":"Backflip","floor":3.0},{"not_picked":["Bane","Prepared","Dodge and Roll"],"picked":"SKIP","floor":5.0},{"not_picked":["Slice","Deadly Poison"],"picked":"Leg Sweep","floor":7.0},{"not_picked":["Cloak And Dagger","Accuracy","Setup"],"picked":"SKIP","floor":11.0},{"not_picked":["Deflect","Sucker Punch"],"picked":"Predator","floor":14.0}],"player_experience":1224806,"relics_obtained":[{"floor":7.0,"key":"Smiling Mask"},{"floor":9.0,"key":"Snake Skull"},{"floor":11.0,"key":"Ginger"}],"event_choices":[{"damage_healed":0.0,"max_hp_gain":0.0,"max_hp_loss":0.0,"gold_gain":0.0,"event_name":"Liars Game","player_choice":"Ignored","floor":2.0,"gold_loss":0.0,"damage_taken":0.0},{"damage_healed":0.0,"max_hp_gain":0.0,"max_hp_loss":0.0,"gold_gain":0.0,"event_name":"Accursed Blacksmith","player_choice":"Rummage","floor":4.0,"gold_loss":0.0,"damage_taken":0.0,"relics_obtained":["WarpedTongs"],"cards_obtained":["Pain"]},{"damage_healed":0.0,"max_hp_gain":0.0,"max_hp_loss":0.0,"gold_gain":75.0,"event_name":"World of Goop","player_choice":"Gather Gold","floor":12.0,"gold_loss":0.0,"damage_taken":11.0},{"damage_healed":0.0,"max_hp_gain":0.0,"max_hp_loss":0.0,"gold_gain":0.0,"cards_transformed":["Defend_G"],"event_name":"Living Wall","player_choice":"Change","floor":13.0,"gold_loss":0.0,"damage_taken":0.0,"cards_obtained":["Catalyst"]}],"is_beta":false,"boss_relics":[],"items_purged_floors":[10],"is_endless":false,"potions_floor_spawned":[3,5,14],"killed_by":"Hexaghost","ascension_level":20}