{"gold_per_floor":[116,135,135,60,73,98,98,127,127,140,154,184,184,194,194,271,271,283,299,224,242,256,256,291,321,333,375,387,414,437,479,491,578,590,614,12,12,12,12,47,47,82,82,0,13,13,46,62,62,62,62,62,62,5,32,32],"floor_reached":57,"playtime":4566,"items_purged":["Strike_G","Defend_G"],"score":3019,"play_id":"910cc1ce-5e4b-4686-bcb0-00db44f8b3da","local_time":"20221008113951","is_ascension_mode":true,"campfire_choices":[{"data":"Bouncing Flask","floor":7.0,"key":"SMITH"},{"data":"Catalyst","floor":15.0,"key":"SMITH"},{"data":"Calculated Gamble","floor":23.0,"key":"SMITH"},{"data":"Neutralize","floor":28.0,"key":"SMITH"},{"data":"Catalyst","floor":32.0,"key":"SMITH"},{"data":"Footwork","floor":41.0,"key":"SMITH"},{"data":"1","floor":46.0,"key":"LIFT"},{"floor":49.0,"key":"RECALL"},{"data":"2","floor":53.0,"key":"LIFT"}],"neow_cost":"NONE","seed_source_timestamp":0,"circlet_count":0,"master_deck":["AscendersBane","Strike_G+1","Strike_G","Strike_G","Defend_G","Defend_G","Defend_G","Defend_G","Survivor","Neutralize+1","Dash","Dash+1","Bouncing Flask+1","Blade Dance","Deadly Poison","Blade Dance","Catalyst+1","Die Die Die","Bullet Time","PiercingWail","PiercingWail","Calculated Gamble+1","Blur","Envenom","Escape Plan+1","Catalyst+1","Prepared+1","Footwork+1","Blind","Bullet Time","PiercingWail+1","Leg Sweep","Heel Hook","Blade Dance+1","Reflex"],"special_seed":0,"relics":["Ring of the Snake","Vajra","The Specimen","Matryoshka","Boot","Tingsha","Juzu Bracelet","Runic Pyramid","MawBank","Anchor","Whetstone","Prayer Wheel","Coffee Dripper","Membership Card","Calipers","Shuriken","Toy Ornithopter","Girya","FossilizedHelix","Lizard Tail","Red Mask","Potion Belt","Snake Skull"],"potions_floor_usage":[56,56,56,56],"damage_taken":[{"damage":0.0,"enemies":"Cultist","floor":1.0,"turns":4.0},{"damage":0.0,"enemies":"Jaw Worm","floor":2.0,"turns":4.0},{"damage":1.0,"enemies":"Small Slimes","floor":5.0,"turns":4.0},{"damage":11.0,"enemies":"Gremlin Nob","floor":6.0,"turns":4.0},{"damage":11.0,"enemies":"3 Sentries","floor":8.0,"turns":8.0},{"damage":0.0,"enemies":"2 Fungi Beasts","floor":10.0,"turns":3.0},{"damage":0.0,"enemies":"Gremlin Gang","floor":11.0,"turns":4.0},{"damage":13.0,"enemies":"Gremlin Nob","floor":12.0,"turns":4.0},{"damage":4.0,"enemies":"Exordium Wildlife","floor":14.0,"turns":4.0},{"damage":9.0,"enemies":"Hexaghost","floor":16.0,"turns":6.0},{"damage":0.0,"enemies":"Chosen","floor":18.0,"turns":4.0},{"damage":6.0,"enemies":"3 Byrds","floor":19.0,"turns":3.0},{"damage":1.0,"enemies":"Centurion and Healer","floor":21.0,"turns":7.0},{"damage":0.0,"enemies":"Snecko","floor":22.0,"turns":4.0},{"damage":0.0,"enemies":"Gremlin Leader","floor":24.0,"turns":6.0},{"damage":6.0,"enemies":"Snake Plant","floor":25.0,"turns":3.0},{"damage":0.0,"enemies":"Book of Stabbing","floor":27.0,"turns":3.0},{"damage":11.0,"enemies":"Shelled Parasite and Fungi","floor":29.0,"turns":6.0},{"damage":0.0,"enemies":"Snecko","floor":30.0,"turns":5.0},{"damage":2.0,"enemies":"Gremlin Leader","floor":31.0,"turns":5.0},{"damage":32.0,"enemies":"Automaton","floor":33.0,"turns":7.0},{"damage":0.0,"enemies":"3 Shapes","floor":35.0,"turns":3.0},{"damage":47.0,"enemies":"Giant Head","floor":40.0,"turns":8.0},{"damage":0.0,"enemies":"Nemesis","floor":42.0,"turns":5.0},{"damage":0.0,"enemies":"Orb Walker","floor":45.0,"turns":2.0},{"damage":0.0,"enemies":"Reptomancer","floor":47.0,"turns":6.0},{"damage":0.0,"enemies":"Spire Growth","floor":48.0,"turns":3.0},{"damage":8.0,"enemies":"Awakened One","floor":50.0,"turns":12.0},{"damage":8.0,"enemies":"Time Eater","floor":51.0,"turns":7.0},{"damage":26.0,"enemies":"Shield and Spear","floor":55.0,"turns":7.0},{"damage":28,"enemies":"The Heart","floor":56,"turns":7}],"seed_played":"6787579317684501370","potions_obtained":[{"floor":1.0,"key":"Block Potion"},{"floor":2.0,"key":"Explosive Potion"},{"floor":6.0,"key":"DistilledChaos"},{"floor":14.0,"key":"CultistPotion"},{"floor":18.0,"key":"Block Potion"},{"floor":24.0,"key":"Fruit Juice"},{"floor":25.0,"key":"DuplicationPotion"},{"floor":40.0,"key":"GhostInAJar"},{"floor":42.0,"key":"Regen Potion"},{"floor":48.0,"key":"LiquidBronze"},{"floor":55.0,"key":"Block Potion"}],"is_trial":false,"path_per_floor":["M","M","$","$","M","E","R","E","T","M","M","E","?","M","R","B",null,"M","M","?","M","M","R","E","M","T","E","R","M","M","E","R","B",null,"M","$","?","?","?","E","R","E","T","?","M","R","E","M","R","B","B",null,"R","$","E","B",null],"character_chosen":"THE_SILENT","items_purchased":["Membership Card","Calipers","Shuriken","Footwork","Blind","EntropicBrew"],"campfire_rested":0,"item_purchase_floors":[36,36,36,36,36,54],"current_hp_per_floor":[59,59,59,59,58,47,47,36,36,36,36,23,28,24,24,15,57,57,51,51,50,50,50,50,49,49,49,49,38,38,36,36,4,58,58,58,58,58,58,11,11,11,11,11,11,11,36,36,36,28,20,62,62,62,46,38],"gold":32,"neow_bonus":"RANDOM_COMMON_RELIC","is_prod":false,"is_daily":false,"chose_seed":false,"campfire_upgraded":6,"win_rate":0,"timestamp":1665254391,"path_taken":["M","M","?","$","M","E","R","E","T","M","M","E","?","M","R","BOSS","M","M","?","M","M","R","E","M","T","E","R","M","M","E","R","BOSS","M","$","?","?","?","E","R","E","T","?","M","R","E","M","R","BOSS","BOSS","R","$","E","BOSS"],"build_version":"2022-10-04","purchased_purges":2,"victory":true,"max_hp_per_floor":[66,66,66,66,66,66,66,66,66,66,66,66,71,71,71,71,71,71,71,71,71,71,71,71,76,76,76,76,76,76,76,76,76,76,76,76,76,76,76,76,76,76,76,76,76,76,76,76,76,76,76,76,76,76,76,76],"relic_stats":{"Girya":2,"Calipers":[6],"The Specimen":[112],"counters":[31,158],"Tingsha":[221],"Snake Skull":[8],"Juzu Bracelet":3,"Whetstone":["Strike_G","Dash"],"Boot":[85],"MawBank":144,"Lizard Tail":0,"Matryoshka":2,"Shuriken":[27],"Prayer Wheel":4,"Membership Card":499,"obtain_stats":[{"Potion Belt":47,"Girya":40,"Calipers":36,"The Specimen":6,"Vajra":0,"Tingsha":9,"Snake Skull":55,"Juzu Bracelet":12,"Whetstone":27,"Boot":9,"MawBank":24,"Anchor":26,"Lizard Tail":43,"Matryoshka":8,"Shuriken":36,"Prayer Wheel":31,"Coffee Dripper":34,"Red Mask":44,"Membership Card":36,"Toy Ornithopter":38,"FossilizedHelix":42,"Ring of the Snake":0,"Runic Pyramid":17},{"Potion Belt":26,"Girya":23,"Calipers":22,"The Specimen":4,"Vajra":0,"Tingsha":5,"Snake Skull":30,"Juzu Bracelet":8,"Whetstone":17,"Boot":5,"MawBank":15,"Anchor":16,"Lizard Tail":24,"Matryoshka":5,"Shuriken":22,"Prayer Wheel":20,"Coffee Dripper":21,"Red Mask":24,"Membership Card":22,"Toy Ornithopter":22,"FossilizedHelix":24,"Ring of the Snake":0,"Runic Pyramid":10},{"Potion Belt":122,"Girya":109,"Calipers":101,"The Specimen":16,"Vajra":0,"Tingsha":24,"Snake Skull":151,"Juzu Bracelet":35,"Whetstone":75,"Boot":24,"MawBank":69,"Anchor":72,"Lizard Tail":114,"Matryoshka":24,"Shuriken":101,"Prayer Wheel":91,"Coffee Dripper":98,"Red Mask":114,"Membership Card":101,"Toy Ornithopter":101,"FossilizedHelix":114,"Ring of the Snake":0,"Runic Pyramid":45}],"Toy Ornithopter":40,"FossilizedHelix":[98],"Ring of the Snake":[62]},"card_choices":[{"not_picked":["PiercingWail","Distraction"],"picked":"Dash","floor":1.0},{"not_picked":["Deflect","Flechettes"],"picked":"Dash","floor":2.0},{"not_picked":["Cloak And Dagger","Underhanded Strike"],"picked":"Bouncing Flask","floor":5.0},{"not_picked":["Infinite Blades","Tools of the Trade"],"picked":"Blade Dance","floor":6.0},{"not_picked":["Acrobatics","Tactician"],"picked":"Deadly Poison","floor":8.0},{"not_picked":["Flying Knee","Dash"],"picked":"Blade Dance","floor":10.0},{"not_picked":["Bane","Backflip"],"picked":"Catalyst","floor":11.0},{"not_picked":["Skewer","Sucker Punch"],"picked":"Die Die Die","floor":12.0},{"not_picked":["Expertise","Finisher","Poisoned Stab"],"picked":"SKIP","floor":14.0},{"not_picked":["Expertise","Finisher","Poisoned Stab"],"picked":"SKIP","floor":14.0},{"not_picked":["A Thousand Cuts","After Image"],"picked":"Bullet Time","floor":16.0},{"not_picked":["Outmaneuver","Quick Slash"],"picked":"PiercingWail","floor":18.0},{"not_picked":["Deflect","Predator"],"picked":"PiercingWail","floor":19.0},{"not_picked":["Quick Slash","Bouncing Flask+1","Sucker Punch"],"picked":"SKIP","floor":21.0},{"not_picked":["Quick Slash","Sucker Punch"],"picked":"Calculated Gamble","floor":22.0},{"not_picked":["Escape Plan","Deadly Poison"],"picked":"Blur","floor":24.0},{"not_picked":["Dagger Spray","Bane"],"picked":"Envenom","floor":25.0},{"not_picked":["Setup","Blade Dance","Cloak And Dagger"],"picked":"SKIP","floor":27.0},{"not_picked":["Tactician","Poisoned Stab"],"picked":"Escape Plan+1","floor":29.0},{"not_picked":["Bouncing Flask","Deadly Poison"],"picked":"Catalyst","floor":30.0},{"not_picked":["Predator","Prepared","Dagger Spray"],"picked":"SKIP","floor":31.0},{"not_picked":["Heel Hook","Dagger Throw"],"picked":"Prepared+1","floor":35.0},{"not_picked":["Choke","Finisher","Prepared"],"picked":"SKIP","floor":35.0},{"not_picked":["Expertise","Dodge and Roll","Bane"],"picked":"SKIP","floor":40.0},{"not_picked":["Dagger Spray","Slice","Outmaneuver"],"picked":"SKIP","floor":42.0},{"not_picked":["Dagger Spray","Slice","Outmaneuver"],"picked":"SKIP","floor":42.0},{"not_picked":["Predator","Dagger Throw"],"picked":"PiercingWail+1","floor":45.0},{"not_picked":["Infinite Blades+1","Dagger Throw"],"picked":"Leg Sweep","floor":45.0},{"not_picked":["Poisoned Stab","Sucker Punch"],"picked":"Heel Hook","floor":47.0},{"not_picked":["Glass Knife","Heel Hook"],"picked":"Blade Dance+1","floor":48.0},{"not_picked":["Cloak And Dagger","Reflex","Bouncing Flask"],"picked":"SKIP","floor":48.0},{"not_picked":["All Out Attack+1","Masterful Stab"],"picked":"Reflex","floor":55.0}],"player_experience":1279911,"relics_obtained":[{"floor":6.0,"key":"The Specimen"},{"floor":8.0,"key":"Matryoshka"},{"floor":9.0,"key":"Boot"},{"floor":9.0,"key":"Tingsha"},{"floor":12.0,"key":"Juzu Bracelet"},{"floor":24.0,"key":"MawBank"},{"floor":26.0,"key":"Anchor"},{"floor":27.0,"key":"Whetstone"},{"floor":31.0,"key":"Prayer Wheel"},{"floor":40.0,"key":"Girya"},{"floor":42.0,"key":"FossilizedHelix"},{"floor":43.0,"key":"Lizard Tail"},{"floor":47.0,"key":"Potion Belt"},{"floor":55.0,"key":"Snake Skull"}],"event_choices":[{"damage_healed":0.0,"max_hp_gain":5.0,"max_hp_loss":0.0,"gold_gain":0.0,"event_name":"Big Fish","player_choice":"Donut","floor":13.0,"gold_loss":0.0,"damage_taken":0.0},{"cards_removed":["Strike_G"],"damage_healed":0.0,"max_hp_gain":0.0,"max_hp_loss":0.0,"gold_gain":0.0,"event_name":"Beggar","player_choice":"Gave Gold","floor":20.0,"gold_loss":75.0,"damage_taken":0.0},{"damage_healed":0.0,"max_hp_gain":0.0,"max_hp_loss":0.0,"gold_gain":0.0,"event_name":"Lab","player_choice":"Got Potions","floor":37.0,"gold_loss":0.0,"damage_taken":0.0},{"damage_healed":0.0,"max_hp_gain":0.0,"max_hp_loss":0.0,"gold_gain":0.0,"event_name":"WeMeetAgain","player_choice":"Gave Potion","floor":38.0,"gold_loss":0.0,"damage_taken":0.0,"relics_obtained":["Toy Ornithopter"]},{"damage_healed":0.0,"max_hp_gain":0.0,"max_hp_loss":0.0,"gold_gain":0.0,"event_name":"Duplicator","player_choice":"Copied","floor":39.0,"gold_loss":0.0,"damage_taken":0.0,"cards_obtained":["Bullet Time"]},{"damage_healed":0.0,"max_hp_gain":0.0,"max_hp_loss":0.0,"gold_gain":0.0,"event_name":"Tomb of Lord Red Mask","player_choice":"Paid","floor":44.0,"gold_loss":82.0,"damage_taken":0.0,"relics_obtained":["Red Mask"]}],"is_beta":false,"boss_relics":[{"not_picked":["Astrolabe","HoveringKite"],"picked":"Runic Pyramid"},{"not_picked":["Calling Bell","Snecko Eye"],"picked":"Coffee Dripper"}],"items_purged_floors":[4,36],"is_endless":false,"potions_floor_spawned":[1,2,6,14,18,19,24,25,30,33,40,42,48,55],"ascension_level":20}