{"gold_per_floor":[12,23,35,35,35,35,50,66,118,146,146,174,185,217,217,291,291,305,323,335,353,85,114,132,132,155,155,172,172,172,201,201,280,280,294,52,77,0,0,0,35,45,45,62,79,114,124,158,158,158,158,158,158,28,59,59],"floor_reached":56,"playtime":5118,"items_purged":["Strike_G","Defend_G"],"score":2173,"play_id":"75f63415-209e-4d16-9d48-40a53a3b6981","local_time":"20221014004848","is_ascension_mode":true,"campfire_choices":[{"data":"Glass Knife","floor":6.0,"key":"SMITH"},{"data":"Blade Dance","floor":15.0,"key":"SMITH"},{"data":"Apotheosis","floor":25.0,"key":"SMITH"},{"data":"Neutralize","floor":27.0,"key":"SMITH"},{"floor":29.0,"key":"REST"},{"data":"Adrenaline","floor":32.0,"key":"SMITH"},{"data":"1","floor":40.0,"key":"LIFT"},{"floor":49.0,"key":"RECALL"},{"data":"2","floor":53.0,"key":"LIFT"}],"neow_cost":"NO_GOLD","seed_source_timestamp":0,"circlet_count":0,"master_deck":["AscendersBane","Strike_G","Strike_G","Defend_G","Defend_G","Defend_G","Survivor","Neutralize+1","Glass Knife+1","Dagger Spray","Acrobatics","Infinite Blades","Predator","Underhanded Strike","Slice","Die Die Die","Blade Dance+1","Concentrate","PiercingWail","Corpse Explosion","Blade Dance+1","Leg Sweep","Acrobatics+1","Apotheosis+1","Tactician","Quick Slash","Crippling Poison","Adrenaline+1","Die Die Die","Accuracy","Outmaneuver","Accuracy","Footwork","Blade Dance+1","Noxious Fumes","Envenom"],"special_seed":0,"relics":["Ring of the Snake","Mercury Hourglass","Nunchaku","Omamori","Calling Bell","Regal Pillow","White Beast Statue","Dead Branch","Boot","Lantern","The Courier","SacredBark","ClockworkSouvenir","Girya","Red Mask","Eternal Feather","Strawberry","Paper Crane","Bag of Preparation","Du-Vu Doll"],"potions_floor_usage":[56,56,56,56],"damage_taken":[{"damage":0.0,"enemies":"Cultist","floor":1.0,"turns":3.0},{"damage":0.0,"enemies":"Small Slimes","floor":2.0,"turns":3.0},{"damage":0.0,"enemies":"Jaw Worm","floor":3.0,"turns":4.0},{"damage":1.0,"enemies":"Exordium Thugs","floor":7.0,"turns":6.0},{"damage":0.0,"enemies":"2 Fungi Beasts","floor":8.0,"turns":3.0},{"damage":17.0,"enemies":"3 Sentries","floor":10.0,"turns":7.0},{"damage":3.0,"enemies":"Gremlin Nob","floor":12.0,"turns":3.0},{"damage":0.0,"enemies":"Lots of Slimes","floor":13.0,"turns":3.0},{"damage":17.0,"enemies":"3 Sentries","floor":14.0,"turns":5.0},{"damage":31.0,"enemies":"Hexaghost","floor":16.0,"turns":9.0},{"damage":14.0,"enemies":"Shell Parasite","floor":18.0,"turns":4.0},{"damage":0.0,"enemies":"Chosen","floor":19.0,"turns":2.0},{"damage":16.0,"enemies":"Shelled Parasite and Fungi","floor":20.0,"turns":2.0},{"damage":0.0,"enemies":"Cultist and Chosen","floor":21.0,"turns":2.0},{"damage":24.0,"enemies":"Book of Stabbing","floor":23.0,"turns":3.0},{"damage":0.0,"enemies":"3 Cultists","floor":24.0,"turns":2.0},{"damage":0.0,"enemies":"Snecko","floor":28.0,"turns":3.0},{"damage":0.0,"enemies":"Gremlin Leader","floor":31.0,"turns":3.0},{"damage":1.0,"enemies":"Collector","floor":33.0,"turns":4.0},{"damage":0.0,"enemies":"3 Shapes","floor":35.0,"turns":4.0},{"damage":0.0,"enemies":"Mind Bloom Boss Battle","floor":37.0,"turns":3.0},{"damage":0.0,"enemies":"Reptomancer","floor":41.0,"turns":3.0},{"damage":0.0,"enemies":"Orb Walker","floor":42.0,"turns":2.0},{"damage":12.0,"enemies":"Spire Growth","floor":44.0,"turns":5.0},{"damage":1.0,"enemies":"Sphere and 2 Shapes","floor":45.0,"turns":3.0},{"damage":2.0,"enemies":"Giant Head","floor":46.0,"turns":3.0},{"damage":4.0,"enemies":"Maw","floor":47.0,"turns":5.0},{"damage":4.0,"enemies":"Nemesis","floor":48.0,"turns":6.0},{"damage":41.0,"enemies":"Awakened One","floor":50.0,"turns":9.0},{"damage":13.0,"enemies":"Donu and Deca","floor":51.0,"turns":7.0},{"damage":32.0,"enemies":"Shield and Spear","floor":55.0,"turns":3.0},{"damage":38,"enemies":"The Heart","floor":56,"turns":3}],"seed_played":"5653844127089602620","potions_obtained":[{"floor":2.0,"key":"DistilledChaos"},{"floor":8.0,"key":"FairyPotion"},{"floor":10.0,"key":"Regen Potion"},{"floor":16.0,"key":"Fire Potion"},{"floor":19.0,"key":"DistilledChaos"},{"floor":20.0,"key":"LiquidMemories"},{"floor":21.0,"key":"LiquidMemories"},{"floor":23.0,"key":"Swift Potion"},{"floor":24.0,"key":"Swift Potion"},{"floor":28.0,"key":"LiquidMemories"},{"floor":33.0,"key":"Fire Potion"},{"floor":37.0,"key":"Strength Potion"},{"floor":41.0,"key":"Dexterity Potion"},{"floor":42.0,"key":"SpeedPotion"},{"floor":44.0,"key":"ColorlessPotion"},{"floor":47.0,"key":"Dexterity Potion"},{"floor":48.0,"key":"EntropicBrew"},{"floor":55.0,"key":"EntropicBrew"}],"is_trial":false,"path_per_floor":["M","M","M","?","?","R","M","M","T","E","?","E","M","E","R","B",null,"M","M","M","M","$","E","M","R","T","R","M","R","?","E","R","B",null,"M","$","?","?","?","R","E","M","T","M","M","E","M","E","R","B","B",null,"R","$","E","B"],"character_chosen":"THE_SILENT","items_purchased":["Apotheosis","ClockworkSouvenir","Accuracy","Noxious Fumes","DuplicationPotion"],"campfire_rested":1,"item_purchase_floors":[22,36,36,54,54],"current_hp_per_floor":[59,59,59,59,59,59,58,58,58,41,41,38,38,35,35,4,51,37,37,21,21,21,19,19,19,19,19,19,53,53,53,53,52,63,63,63,63,63,63,63,63,63,70,58,57,55,51,47,65,24,11,55,70,70,38,0],"gold":59,"neow_bonus":"THREE_RARE_CARDS","is_prod":false,"is_daily":false,"chose_seed":false,"campfire_upgraded":5,"win_rate":0,"timestamp":1665733728,"path_taken":["M","M","?","?","?","R","M","?","T","E","?","E","M","E","R","BOSS","M","M","M","M","$","E","M","R","T","R","?","R","?","E","R","BOSS","M","$","?","?","?","R","E","M","T","M","M","E","M","E","R","BOSS","BOSS","R","$","E","BOSS"],"build_version":"2022-10-04","purchased_purges":2,"victory":false,"max_hp_per_floor":[66,66,66,66,66,66,66,66,66,66,66,66,66,66,66,66,66,66,66,66,66,66,66,66,66,66,66,66,66,66,66,66,66,66,66,66,66,66,63,63,63,63,70,70,70,70,70,70,70,70,70,70,70,70,70,70],"relic_stats":{"Girya":2,"Regal Pillow":15,"counters":[32,126],"Dead Branch":[310],"Eternal Feather":33,"The Courier":92,"Omamori":1,"Bag of Preparation":[8],"Boot":[106],"White Beast Statue":[0.0,0.0,0.0,0.4,0.0,0.6000000000000001,0.0,0.0,0.0,0.0,0.0,8.534217728000003],"Mercury Hourglass":[388],"Nunchaku":[44],"obtain_stats":[{"Girya":37,"Regal Pillow":17,"Lantern":26,"Dead Branch":17,"SacredBark":34,"Eternal Feather":41,"The Courier":31,"Omamori":14,"Bag of Preparation":48,"Paper Crane":46,"Boot":23,"White Beast Statue":17,"Mercury Hourglass":10,"ClockworkSouvenir":36,"Calling Bell":17,"Du-Vu Doll":55,"Nunchaku":12,"Strawberry":43,"Red Mask":38,"Ring of the Snake":0},{"Girya":21,"Regal Pillow":10,"Lantern":16,"Dead Branch":10,"SacredBark":19,"Eternal Feather":22,"The Courier":18,"Omamori":9,"Bag of Preparation":28,"Paper Crane":26,"Boot":15,"White Beast Statue":10,"Mercury Hourglass":6,"ClockworkSouvenir":20,"Calling Bell":10,"Du-Vu Doll":31,"Nunchaku":7,"Strawberry":23,"Red Mask":21,"Ring of the Snake":0},{"Girya":77,"Regal Pillow":45,"Lantern":60,"Dead Branch":45,"SacredBark":70,"Eternal Feather":80,"The Courier":66,"Omamori":36,"Bag of Preparation":104,"Paper Crane":93,"Boot":58,"White Beast Statue":45,"Mercury Hourglass":26,"ClockworkSouvenir":74,"Calling Bell":45,"Du-Vu Doll":123,"Nunchaku":29,"Strawberry":82,"Red Mask":77,"Ring of the Snake":0}],"Ring of the Snake":[64]},"card_choices":[{"not_picked":["Grand Finale","Burst"],"picked":"Glass Knife","floor":0.0},{"not_picked":["Backflip","Underhanded Strike"],"picked":"Dagger Spray","floor":1.0},{"not_picked":["Deadly Poison","Sucker Punch"],"picked":"Acrobatics","floor":2.0},{"not_picked":["Distraction","Dagger Spray","Flechettes"],"picked":"SKIP","floor":3.0},{"not_picked":["Sucker Punch","Reflex"],"picked":"Predator","floor":7.0},{"not_picked":["Flying Knee","Deflect"],"picked":"Underhanded Strike","floor":8.0},{"not_picked":["Deadly Poison","Sucker Punch"],"picked":"Slice","floor":10.0},{"not_picked":["Prepared","Distraction"],"picked":"Blade Dance","floor":12.0},{"not_picked":["Prepared","Masterful Stab"],"picked":"Concentrate","floor":13.0},{"not_picked":["Flying Knee","Setup"],"picked":"PiercingWail","floor":14.0},{"not_picked":["Glass Knife","Unload"],"picked":"Corpse Explosion","floor":16.0},{"not_picked":["Outmaneuver","Sucker Punch","Eviscerate"],"picked":"SKIP","floor":18.0},{"not_picked":["Endless Agony","Cloak And Dagger"],"picked":"Blade Dance+1","floor":19.0},{"not_picked":["Tactician","Choke"],"picked":"Leg Sweep","floor":20.0},{"not_picked":["Backflip","Dodge and Roll"],"picked":"Acrobatics+1","floor":21.0},{"not_picked":["Bane","Acrobatics","Dodge and Roll"],"picked":"SKIP","floor":23.0},{"not_picked":["Eviscerate","Catalyst","Underhanded Strike"],"picked":"SKIP","floor":24.0},{"not_picked":["Eviscerate","Catalyst","Underhanded Strike"],"picked":"SKIP","floor":24.0},{"not_picked":["Riddle With Holes","Finisher"],"picked":"Tactician","floor":28.0},{"not_picked":["Flechettes+1","Outmaneuver"],"picked":"Adrenaline","floor":31.0},{"not_picked":["Unload","Glass Knife"],"picked":"Die Die Die","floor":33.0},{"not_picked":["Cloak And Dagger","Underhanded Strike","Riddle With Holes+1"],"picked":"SKIP","floor":35.0},{"not_picked":["Eviscerate","Dagger Spray+1"],"picked":"Outmaneuver","floor":37.0},{"not_picked":["Acrobatics+1","Slice","Dodge and Roll+1"],"picked":"SKIP","floor":41.0},{"not_picked":["Quick Slash","Deadly Poison","Heel Hook"],"picked":"SKIP","floor":42.0},{"not_picked":["Blade Dance","Outmaneuver"],"picked":"Accuracy","floor":44.0},{"not_picked":["Catalyst","Die Die Die"],"picked":"Footwork","floor":45.0},{"not_picked":["Concentrate","Quick Slash","Underhanded Strike"],"picked":"SKIP","floor":46.0},{"not_picked":["Masterful Stab","Expertise+1","Dagger Spray"],"picked":"SKIP","floor":47.0},{"not_picked":["Bane","Underhanded Strike+1"],"picked":"Blade Dance+1","floor":48.0},{"not_picked":["Outmaneuver","Slice"],"picked":"Envenom","floor":55.0}],"player_experience":1299397,"relics_obtained":[{"floor":10.0,"key":"Mercury Hourglass"},{"floor":12.0,"key":"Nunchaku"},{"floor":14.0,"key":"Omamori"},{"floor":17.0,"key":"Regal Pillow"},{"floor":17.0,"key":"White Beast Statue"},{"floor":17.0,"key":"Dead Branch"},{"floor":23.0,"key":"Boot"},{"floor":26.0,"key":"Lantern"},{"floor":31.0,"key":"The Courier"},{"floor":37.0,"key":"Girya"},{"floor":41.0,"key":"Eternal Feather"},{"floor":43.0,"key":"Strawberry"},{"floor":46.0,"key":"Paper Crane"},{"floor":48.0,"key":"Bag of Preparation"},{"floor":55.0,"key":"Du-Vu Doll"}],"event_choices":[{"damage_healed":0.0,"max_hp_gain":0.0,"max_hp_loss":0.0,"gold_gain":0.0,"cards_transformed":["Strike_G"],"event_name":"Living Wall","player_choice":"Change","floor":4.0,"gold_loss":0.0,"damage_taken":0.0,"cards_obtained":["Infinite Blades"]},{"damage_healed":0.0,"max_hp_gain":0.0,"max_hp_loss":0.0,"gold_gain":0.0,"event_name":"Liars Game","player_choice":"Ignored","floor":5.0,"gold_loss":0.0,"damage_taken":0.0},{"damage_healed":0.0,"max_hp_gain":0.0,"max_hp_loss":0.0,"gold_gain":0.0,"event_name":"Match and Keep!","player_choice":"1 cards matched","floor":11.0,"gold_loss":0.0,"damage_taken":0.0,"cards_obtained":["Die Die Die"]},{"damage_healed":0.0,"max_hp_gain":0.0,"max_hp_loss":0.0,"gold_gain":0.0,"cards_transformed":["Defend_G","Strike_G"],"event_name":"Drug Dealer","player_choice":"Became Test Subject","floor":30.0,"gold_loss":0.0,"damage_taken":0.0,"cards_obtained":["Quick Slash","Crippling Poison"]},{"damage_healed":0.0,"max_hp_gain":0.0,"max_hp_loss":0.0,"gold_gain":0.0,"event_name":"MindBloom","player_choice":"Fight","floor":37.0,"gold_loss":0.0,"damage_taken":0.0},{"damage_healed":0.0,"max_hp_gain":0.0,"max_hp_loss":0.0,"gold_gain":0.0,"event_name":"Tomb of Lord Red Mask","player_choice":"Paid","floor":38.0,"gold_loss":77.0,"damage_taken":0.0,"relics_obtained":["Red Mask"]},{"damage_healed":0.0,"max_hp_gain":0.0,"max_hp_loss":3.0,"gold_gain":0.0,"event_name":"Winding Halls","player_choice":"Max HP","floor":39.0,"gold_loss":0.0,"damage_taken":0.0}],"is_beta":false,"boss_relics":[{"not_picked":["Philosopher\u0027s Stone","Ectoplasm"],"picked":"Calling Bell"},{"not_picked":["Runic Pyramid","Tiny House"],"picked":"SacredBark"}],"items_purged_floors":[22,36],"is_endless":false,"potions_floor_spawned":[2,8,10,12,16,18,19,20,21,23,24,28,31,33,35,37,41,42,44,45,46,47,48,55],"killed_by":"The Heart","ascension_level":20}