{"gold_per_floor":[116,126,106,122,136,136,168,93,93,93,106,106,124,144,144,222,222,239,256,274,14,32,85,98,123,123,223,233,233,233,260,260,339,339,355,355,368,383,395,427,93,126,126,126,158,178,178,194,194,194,194,194,194,21,51,51],"floor_reached":57,"playtime":6540,"items_purged":["Defend_G","Well Laid Plans"],"score":2941,"play_id":"467c58dd-1d78-4fd2-9e9b-156596efcc0c","local_time":"20221117162051","is_ascension_mode":true,"campfire_choices":[{"data":"Burst","floor":6.0,"key":"SMITH"},{"floor":10.0,"key":"REST"},{"data":"Wraith Form v2","floor":15.0,"key":"SMITH"},{"data":"Wraith Form v2","floor":30.0,"key":"SMITH"},{"data":"Calculated Gamble","floor":32.0,"key":"SMITH"},{"floor":49.0,"key":"RECALL"},{"data":"Caltrops","floor":53.0,"key":"SMITH"}],"neow_cost":"NONE","seed_source_timestamp":0,"circlet_count":0,"master_deck":["AscendersBane","Strike_G","Strike_G","Strike_G","Strike_G","Defend_G","Defend_G","Defend_G","Defend_G","Survivor","Neutralize","Burst+1","Dagger Spray","Masterful Stab","Acrobatics","Wraith Form v2+1","PiercingWail","Sucker Punch","Blade Dance","Caltrops+1","Wraith Form v2+1","Deadly Poison","Noxious Fumes","Leg Sweep","Backstab","Terror+1","Deflect+1","Backstab+1","Calculated Gamble+1","RitualDagger","Dagger Throw","Night Terror","Catalyst+1","Madness","Madness","Blade Dance","PiercingWail+1","Deadly Poison+1","Decay","After Image+1"],"special_seed":0,"relics":["Ring of the Snake","Sundial","Ninja Scroll","Runic Pyramid","TwistedFunnel","HornCleat","Kunai","Tough Bandages","Meat on the Bone","Thread and Needle","Coffee Dripper","Frozen Egg 2","Ice Cream","Peace Pipe","Toxic Egg 2","Blue Candle","ClockworkSouvenir","Tingsha"],"potions_floor_usage":[56],"damage_taken":[{"damage":0.0,"enemies":"Small Slimes","floor":1.0,"turns":5.0},{"damage":1.0,"enemies":"Cultist","floor":2.0,"turns":5.0},{"damage":2.0,"enemies":"2 Louse","floor":4.0,"turns":3.0},{"damage":6.0,"enemies":"Large Slime","floor":5.0,"turns":7.0},{"damage":49.0,"enemies":"Gremlin Nob","floor":7.0,"turns":5.0},{"damage":3.0,"enemies":"Looter","floor":11.0,"turns":3.0},{"damage":1.0,"enemies":"2 Fungi Beasts","floor":13.0,"turns":3.0},{"damage":0.0,"enemies":"Lots of Slimes","floor":14.0,"turns":7.0},{"damage":13.0,"enemies":"Hexaghost","floor":16.0,"turns":12.0},{"damage":3.0,"enemies":"Chosen","floor":18.0,"turns":7.0},{"damage":4.0,"enemies":"Spheric Guardian","floor":19.0,"turns":6.0},{"damage":1.0,"enemies":"Chosen and Byrds","floor":20.0,"turns":8.0},{"damage":2.0,"enemies":"Centurion and Healer","floor":22.0,"turns":9.0},{"damage":8.0,"enemies":"Slavers","floor":23.0,"turns":8.0},{"damage":1.0,"enemies":"Snecko","floor":24.0,"turns":5.0},{"damage":6.0,"enemies":"Gremlin Leader","floor":25.0,"turns":9.0},{"damage":4.0,"enemies":"Colosseum Slavers","floor":27.0,"turns":5.0},{"damage":2.0,"enemies":"Colosseum Nobs","floor":27.0,"turns":5.0},{"damage":2.0,"enemies":"3 Cultists","floor":28.0,"turns":5.0},{"damage":11.0,"enemies":"Slavers","floor":31.0,"turns":6.0},{"damage":6.0,"enemies":"Collector","floor":33.0,"turns":12.0},{"damage":0.0,"enemies":"3 Shapes","floor":35.0,"turns":5.0},{"damage":0.0,"enemies":"Orb Walker","floor":37.0,"turns":3.0},{"damage":0.0,"enemies":"Transient","floor":38.0,"turns":6.0},{"damage":0.0,"enemies":"3 Darklings","floor":39.0,"turns":7.0},{"damage":0.0,"enemies":"Giant Head","floor":40.0,"turns":12.0},{"damage":2.0,"enemies":"Reptomancer","floor":42.0,"turns":5.0},{"damage":0.0,"enemies":"Giant Head","floor":45.0,"turns":10.0},{"damage":0.0,"enemies":"Writhing Mass","floor":46.0,"turns":8.0},{"damage":0.0,"enemies":"Maw","floor":48.0,"turns":5.0},{"damage":19.0,"enemies":"Donu and Deca","floor":50.0,"turns":14.0},{"damage":11.0,"enemies":"Time Eater","floor":51.0,"turns":9.0},{"damage":0.0,"enemies":"Shield and Spear","floor":55.0,"turns":7.0},{"damage":31,"enemies":"The Heart","floor":56,"turns":12}],"seed_played":"706721454290811152","potions_obtained":[{"floor":2.0,"key":"ColorlessPotion"},{"floor":3.0,"key":"BlessingOfTheForge"},{"floor":13.0,"key":"LiquidMemories"},{"floor":14.0,"key":"DuplicationPotion"},{"floor":16.0,"key":"ColorlessPotion"},{"floor":19.0,"key":"Fruit Juice"},{"floor":20.0,"key":"SkillPotion"},{"floor":23.0,"key":"Fire Potion"},{"floor":25.0,"key":"Ancient Potion"},{"floor":28.0,"key":"Poison Potion"},{"floor":35.0,"key":"GamblersBrew"},{"floor":46.0,"key":"DistilledChaos"},{"floor":55.0,"key":"Fruit Juice"}],"is_trial":false,"path_per_floor":["M","M","?","M","M","R","E","$","T","R","M","?","M","M","R","B",null,"M","M","M","$","M","E","M","E","T","?","M","?","R","E","R","B",null,"M","?","M","M","M","E","$","E","T","?","E","M","?","M","R","B","B",null,"R","$","E","B",null],"character_chosen":"THE_SILENT","items_purchased":["TwistedFunnel","Ice Cream","ClockworkSouvenir"],"campfire_rested":1,"item_purchase_floors":[21,41,54],"current_hp_per_floor":[59,58,58,56,50,50,1,1,1,20,17,17,16,16,16,3,50,47,48,47,47,45,37,36,30,30,24,34,28,28,29,29,35,62,62,49,49,49,49,49,49,47,47,47,47,47,47,47,47,40,41,64,64,64,69,50],"gold":51,"neow_bonus":"ONE_RANDOM_RARE_CARD","is_prod":false,"is_daily":false,"chose_seed":false,"campfire_upgraded":5,"win_rate":0,"timestamp":1668730851,"path_taken":["M","M","?","M","M","R","E","$","T","R","?","?","M","M","R","BOSS","M","M","M","$","M","E","M","E","T","?","M","?","R","E","R","BOSS","M","?","M","M","M","E","$","E","T","?","E","?","?","M","R","BOSS","BOSS","R","$","E","BOSS"],"build_version":"2022-10-04","purchased_purges":2,"victory":true,"max_hp_per_floor":[66,66,66,66,66,66,66,66,66,66,66,66,66,66,66,66,66,66,71,71,71,71,71,71,71,71,71,71,71,71,71,71,71,71,71,71,71,71,71,71,71,71,71,71,71,71,71,71,71,71,71,71,71,71,76,76],"relic_stats":{"Ice Cream":[75],"Peace Pipe":0,"Tough Bandages":[324],"counters":[34,238],"Sundial":[16],"Blue Candle":[1],"Tingsha":[36],"Kunai":[77],"obtain_stats":[{"TwistedFunnel":21,"Ice Cream":41,"Blue Candle":45,"Thread and Needle":31,"Tingsha":55,"Frozen Egg 2":40,"ClockworkSouvenir":54,"Peace Pipe":42,"Tough Bandages":27,"HornCleat":23,"Sundial":7,"Ninja Scroll":9,"Coffee Dripper":34,"Kunai":25,"Toxic Egg 2":43,"Ring of the Snake":0,"Runic Pyramid":17,"Meat on the Bone":27},{"TwistedFunnel":12,"Ice Cream":26,"Blue Candle":28,"Thread and Needle":20,"Tingsha":33,"Frozen Egg 2":26,"ClockworkSouvenir":32,"Peace Pipe":27,"Tough Bandages":18,"HornCleat":14,"Sundial":5,"Ninja Scroll":5,"Coffee Dripper":21,"Kunai":16,"Toxic Egg 2":27,"Ring of the Snake":0,"Runic Pyramid":9,"Meat on the Bone":18},{"TwistedFunnel":71,"Ice Cream":168,"Blue Candle":183,"Thread and Needle":123,"Tingsha":226,"Frozen Egg 2":168,"ClockworkSouvenir":219,"Peace Pipe":173,"Tough Bandages":112,"HornCleat":88,"Sundial":25,"Ninja Scroll":25,"Coffee Dripper":135,"Kunai":102,"Toxic Egg 2":173,"Ring of the Snake":0,"Runic Pyramid":50,"Meat on the Bone":112}],"Ring of the Snake":[68],"Meat on the Bone":72},"card_choices":[{"not_picked":["Outmaneuver","Quick Slash"],"picked":"Well Laid Plans","floor":1.0},{"not_picked":["Slice","Flying Knee"],"picked":"Dagger Spray","floor":2.0},{"not_picked":["Acrobatics","Dagger Throw"],"picked":"Masterful Stab","floor":4.0},{"not_picked":["Terror","Eviscerate"],"picked":"Acrobatics","floor":5.0},{"not_picked":["Catalyst","Choke"],"picked":"Wraith Form v2","floor":7.0},{"not_picked":["Deadly Poison","Quick Slash"],"picked":"PiercingWail","floor":11.0},{"not_picked":["Blur","Bane"],"picked":"Blade Dance","floor":13.0},{"not_picked":["Flying Knee","Crippling Poison"],"picked":"Caltrops","floor":14.0},{"not_picked":["Phantasmal Killer","Glass Knife"],"picked":"Wraith Form v2","floor":16.0},{"not_picked":["Sucker Punch","Quick Slash+1"],"picked":"Deadly Poison","floor":18.0},{"not_picked":["Dagger Throw","Outmaneuver"],"picked":"Noxious Fumes","floor":19.0},{"not_picked":["Footwork","Acrobatics"],"picked":"Leg Sweep","floor":20.0},{"not_picked":["Riddle With Holes","Footwork"],"picked":"Backstab","floor":22.0},{"not_picked":["Leg Sweep","Cloak And Dagger+1"],"picked":"Terror+1","floor":23.0},{"not_picked":["Deadly Poison","Eviscerate"],"picked":"Deflect+1","floor":24.0},{"not_picked":["Underhanded Strike","Sucker Punch","Dash"],"picked":"SKIP","floor":25.0},{"not_picked":["PiercingWail","Bane"],"picked":"Backstab+1","floor":27.0},{"not_picked":["Poisoned Stab+1","Backflip"],"picked":"Calculated Gamble","floor":28.0},{"not_picked":["Terror","Tactician"],"picked":"Dagger Throw","floor":31.0},{"not_picked":["Unload","After Image"],"picked":"Night Terror","floor":33.0},{"not_picked":["Quick Slash+1","Outmaneuver"],"picked":"Catalyst","floor":35.0},{"not_picked":["Dagger Spray","Bane+1","Dagger Throw+1"],"picked":"SKIP","floor":37.0},{"not_picked":["Reflex","Terror","Finisher"],"picked":"SKIP","floor":38.0},{"not_picked":["Choke","Acrobatics","Setup"],"picked":"SKIP","floor":39.0},{"not_picked":["Grand Finale","Masterful Stab+1","Backflip"],"picked":"SKIP","floor":40.0},{"not_picked":["Dagger Spray","Escape Plan","Blade Dance"],"picked":"SKIP","floor":42.0},{"not_picked":["Dagger Spray","Escape Plan"],"picked":"Blade Dance","floor":42.0},{"not_picked":["Outmaneuver+1","Deadly Poison+1"],"picked":"PiercingWail+1","floor":45.0},{"not_picked":["Predator+1","Expertise+1"],"picked":"Deadly Poison+1","floor":46.0},{"not_picked":["Dagger Spray","Blade Dance+1","Dodge and Roll+1"],"picked":"SKIP","floor":48.0},{"not_picked":["Flying Knee+1","Finisher"],"picked":"After Image+1","floor":55.0}],"player_experience":1323519,"relics_obtained":[{"floor":7.0,"key":"Sundial"},{"floor":9.0,"key":"Ninja Scroll"},{"floor":23.0,"key":"HornCleat"},{"floor":25.0,"key":"Kunai"},{"floor":27.0,"key":"Tough Bandages"},{"floor":27.0,"key":"Meat on the Bone"},{"floor":31.0,"key":"Thread and Needle"},{"floor":40.0,"key":"Frozen Egg 2"},{"floor":42.0,"key":"Peace Pipe"},{"floor":43.0,"key":"Toxic Egg 2"},{"floor":45.0,"key":"Blue Candle"},{"floor":55.0,"key":"Tingsha"}],"event_choices":[{"damage_healed":0.0,"max_hp_gain":0.0,"max_hp_loss":0.0,"gold_gain":0.0,"event_name":"The Woman in Blue","player_choice":"Bought 1 Potion","floor":3.0,"gold_loss":0.0,"damage_taken":0.0},{"damage_healed":0.0,"max_hp_gain":0.0,"max_hp_loss":0.0,"gold_gain":0.0,"cards_transformed":["Strike_G"],"event_name":"Living Wall","player_choice":"Change","floor":12.0,"gold_loss":0.0,"damage_taken":0.0,"cards_obtained":["Sucker Punch"]},{"damage_healed":0.0,"max_hp_gain":0.0,"max_hp_loss":0.0,"gold_gain":0.0,"event_name":"Colosseum","player_choice":"Fight","floor":27.0,"gold_loss":0.0,"damage_taken":0.0},{"damage_healed":0.0,"max_hp_gain":0.0,"max_hp_loss":0.0,"gold_gain":0.0,"event_name":"Colosseum","player_choice":"Fought Nobs","floor":27.0,"gold_loss":0.0,"damage_taken":0.0},{"damage_healed":0.0,"max_hp_gain":0.0,"max_hp_loss":0.0,"gold_gain":0.0,"event_name":"Nest","player_choice":"Joined the Cult","floor":29.0,"gold_loss":0.0,"damage_taken":6.0,"cards_obtained":["RitualDagger"]},{"damage_healed":0.0,"max_hp_gain":0.0,"max_hp_loss":0.0,"gold_gain":0.0,"event_name":"Winding Halls","player_choice":"Embrace Madness","floor":36.0,"gold_loss":0.0,"damage_taken":13.0,"cards_obtained":["Madness","Madness"]},{"damage_healed":0.0,"max_hp_gain":0.0,"max_hp_loss":0.0,"gold_gain":0.0,"event_name":"Upgrade Shrine","player_choice":"Upgraded","floor":44.0,"gold_loss":0.0,"damage_taken":0.0,"cards_upgraded":["Catalyst"]},{"damage_healed":0.0,"max_hp_gain":0.0,"max_hp_loss":0.0,"gold_gain":0.0,"event_name":"Wheel of Change","player_choice":"Cursed","floor":47.0,"gold_loss":0.0,"damage_taken":0.0,"cards_obtained":["Decay"]}],"is_beta":false,"boss_relics":[{"not_picked":["WristBlade","Sozu"],"picked":"Runic Pyramid"},{"not_picked":["Velvet Choker","Pandora\u0027s Box"],"picked":"Coffee Dripper"}],"items_purged_floors":[8,21],"is_endless":false,"potions_floor_spawned":[2,13,14,16,19,20,23,25,27,28,35,39,40,46,55],"ascension_level":20}