{"gold_per_floor":[18,37,57,57,76,106,117,117,144,144,144,144,183,19,19,118,118,132,145,164,183,183,246,246,246,246,246,285,45,45],"floor_reached":30,"playtime":1633,"items_purged":["Doubt"],"score":606,"play_id":"3d1dd132-a9aa-49e8-ba4e-0e2ea0bc70e7","local_time":"20221123033311","is_ascension_mode":true,"campfire_choices":[{"data":"Crippling Poison","floor":10.0,"key":"SMITH"},{"data":"Wraith Form v2","floor":12.0,"key":"SMITH"},{"data":"Dagger Spray","floor":15.0,"key":"SMITH"},{"data":"Ghostly","floor":27.0,"key":"SMITH"}],"neow_cost":"NO_GOLD","seed_source_timestamp":22825949165911,"circlet_count":0,"master_deck":["AscendersBane","Strike_G","Strike_G","Strike_G","Strike_G","Strike_G","Defend_G","Defend_G","Defend_G","Defend_G","Defend_G","Survivor","Neutralize","Wraith Form v2+1","Endless Agony","Terror","Masterful Stab","Crippling Poison+1","Dagger Spray+1","Skewer","Acrobatics","Night Terror","Dash+1","Ghostly+1","Ghostly","Ghostly","Shame"],"special_seed":0,"relics":["Ring of the Snake","Bottled Lightning","Golden Idol","PreservedInsect","Tiny Chest","Medical Kit","Cursed Key","Happy Flower","Gremlin Horn","Molten Egg 2","Dream Catcher","Toolbox"],"potions_floor_usage":[],"damage_taken":[{"damage":1.0,"enemies":"2 Louse","floor":1.0,"turns":3.0},{"damage":12.0,"enemies":"Small Slimes","floor":2.0,"turns":6.0},{"damage":0.0,"enemies":"Cultist","floor":3.0,"turns":4.0},{"damage":0.0,"enemies":"2 Fungi Beasts","floor":5.0,"turns":4.0},{"damage":21.0,"enemies":"Lagavulin","floor":6.0,"turns":8.0},{"damage":0.0,"enemies":"Blue Slaver","floor":7.0,"turns":3.0},{"damage":3.0,"enemies":"Gremlin Nob","floor":13.0,"turns":3.0},{"damage":3.0,"enemies":"Slime Boss","floor":16.0,"turns":8.0},{"damage":4.0,"enemies":"Chosen","floor":18.0,"turns":3.0},{"damage":0.0,"enemies":"3 Byrds","floor":19.0,"turns":4.0},{"damage":23.0,"enemies":"Shelled Parasite and Fungi","floor":20.0,"turns":5.0},{"damage":12.0,"enemies":"Cultist and Chosen","floor":21.0,"turns":6.0},{"damage":6.0,"enemies":"Slavers","floor":23.0,"turns":4.0},{"damage":0.0,"enemies":"Gremlin Leader","floor":28.0,"turns":3.0},{"damage":0,"enemies":"Book of Stabbing","floor":30,"turns":1}],"seed_played":"-2227138207703838270","potions_obtained":[{"floor":1.0,"key":"Swift Potion"},{"floor":5.0,"key":"Poison Potion"},{"floor":6.0,"key":"Swift Potion"},{"floor":13.0,"key":"ColorlessPotion"},{"floor":19.0,"key":"ColorlessPotion"},{"floor":20.0,"key":"AttackPotion"}],"is_trial":false,"path_per_floor":["M","M","M","?","M","E","M","?","T","R","?","R","E","$","R","B",null,"M","M","M","M","?","E","?","T","T","R","E","$","E"],"character_chosen":"THE_SILENT","items_purchased":["Medical Kit","Toolbox"],"campfire_rested":0,"item_purchase_floors":[14,29],"current_hp_per_floor":[58,46,46,46,46,25,25,25,25,25,22,22,19,19,19,16,49,45,45,22,10,10,4,4,4,4,4,4,4,4],"gold":45,"neow_bonus":"THREE_RARE_CARDS","is_prod":false,"is_daily":false,"chose_seed":false,"campfire_upgraded":4,"win_rate":0,"timestamp":1669195991,"path_taken":["M","M","M","?","M","E","M","?","T","R","?","R","E","$","R","BOSS","M","?","M","M","?","E","?","?","T","R","E","$","E"],"build_version":"2022-10-04","purchased_purges":1,"victory":false,"max_hp_per_floor":[66,66,66,66,66,66,66,60,60,60,60,60,60,60,60,60,60,60,60,60,60,60,60,30,30,30,30,30,30,30],"relic_stats":{"Dream Catcher":0,"Happy Flower":[1],"Gremlin Horn":[2,2],"counters":[15,65],"Golden Idol":59,"Tiny Chest":1,"PreservedInsect":154,"Bottled Lightning":"Crippling Poison","Medical Kit":[0],"Cursed Key":2,"obtain_stats":[{"Dream Catcher":28,"Happy Flower":23,"Gremlin Horn":25,"Golden Idol":8,"Toolbox":29,"Tiny Chest":13,"Molten Egg 2":26,"PreservedInsect":9,"Bottled Lightning":6,"Medical Kit":14,"Cursed Key":17,"Ring of the Snake":0},{"Dream Catcher":14,"Happy Flower":13,"Gremlin Horn":13,"Golden Idol":6,"Toolbox":14,"Tiny Chest":7,"Molten Egg 2":13,"PreservedInsect":6,"Bottled Lightning":5,"Medical Kit":7,"Cursed Key":8,"Ring of the Snake":0},{"Dream Catcher":64,"Happy Flower":61,"Gremlin Horn":61,"Golden Idol":28,"Toolbox":64,"Tiny Chest":31,"Molten Egg 2":61,"PreservedInsect":28,"Bottled Lightning":25,"Medical Kit":31,"Cursed Key":39,"Ring of the Snake":0}],"Ring of the Snake":[32]},"card_choices":[{"not_picked":["Bullet Time","Envenom"],"picked":"Wraith Form v2","floor":0.0},{"not_picked":["Choke","Acrobatics"],"picked":"Endless Agony","floor":1.0},{"not_picked":["Crippling Poison","Flying Knee"],"picked":"Terror","floor":2.0},{"not_picked":["Poisoned Stab","Eviscerate"],"picked":"Masterful Stab","floor":3.0},{"not_picked":["Bane","Prepared"],"picked":"Crippling Poison","floor":5.0},{"not_picked":["Eviscerate","Bane"],"picked":"Dagger Spray","floor":6.0},{"not_picked":["Underhanded Strike","Dodge and Roll"],"picked":"Skewer","floor":7.0},{"not_picked":["Riddle With Holes","Setup"],"picked":"Acrobatics","floor":13.0},{"not_picked":["A Thousand Cuts","Burst"],"picked":"Night Terror","floor":16.0},{"not_picked":["Flying Knee","Dagger Throw","Acrobatics"],"picked":"SKIP","floor":18.0},{"not_picked":["Sucker Punch","Outmaneuver","Dodge and Roll"],"picked":"SKIP","floor":19.0},{"not_picked":["Quick Slash","Infinite Blades","Cloak And Dagger"],"picked":"SKIP","floor":20.0},{"not_picked":["Flying Knee","Storm of Steel"],"picked":"Dash+1","floor":21.0},{"not_picked":["Flying Knee","Slice","Eviscerate"],"picked":"SKIP","floor":23.0},{"not_picked":["Sucker Punch+1","Tactician","Eviscerate+1"],"picked":"SKIP","floor":28.0}],"player_experience":1334541,"relics_obtained":[{"floor":6.0,"key":"Bottled Lightning"},{"floor":9.0,"key":"PreservedInsect"},{"floor":13.0,"key":"Tiny Chest"},{"floor":23.0,"key":"Happy Flower"},{"floor":25.0,"key":"Gremlin Horn"},{"floor":26.0,"key":"Molten Egg 2"},{"floor":28.0,"key":"Dream Catcher"}],"event_choices":[{"damage_healed":0.0,"max_hp_gain":0.0,"max_hp_loss":0.0,"gold_gain":0.0,"event_name":"Liars Game","player_choice":"Ignored","floor":4.0,"gold_loss":0.0,"damage_taken":0.0},{"damage_healed":0.0,"max_hp_gain":0.0,"max_hp_loss":6.0,"gold_gain":0.0,"event_name":"Golden Idol","player_choice":"Lose Max HP","floor":8.0,"gold_loss":0.0,"damage_taken":0.0,"relics_obtained":["Golden Idol"]},{"damage_healed":0.0,"max_hp_gain":0.0,"max_hp_loss":0.0,"gold_gain":0.0,"event_name":"The Woman in Blue","player_choice":"Bought 0 Potions","floor":11.0,"gold_loss":0.0,"damage_taken":0.0},{"damage_healed":0.0,"max_hp_gain":0.0,"max_hp_loss":0.0,"gold_gain":0.0,"event_name":"The Mausoleum","player_choice":"Ignored","floor":22.0,"gold_loss":0.0,"damage_taken":0.0},{"damage_healed":0.0,"max_hp_gain":0.0,"max_hp_loss":30.0,"gold_gain":0.0,"event_name":"Ghosts","player_choice":"Became a Ghost","floor":24.0,"gold_loss":0.0,"damage_taken":0.0,"cards_obtained":["Ghostly","Ghostly","Ghostly"]}],"is_beta":false,"boss_relics":[{"not_picked":["Velvet Choker","Runic Pyramid"],"picked":"Cursed Key"}],"items_purged_floors":[29],"is_endless":false,"potions_floor_spawned":[1,5,6,13,19,20],"killed_by":"Book of Stabbing","ascension_level":20}