{"gold_per_floor":[118,136,211,230,246,15,30,30,30,30,45,55,75,86,86,186,186,218,145,176,207,219,262,174,191,191,209,209],"floor_reached":28,"playtime":2521,"items_purged":["Strike_B","Strike_B"],"score":263,"play_id":"dfe3ad7e-1436-45d4-b2e4-eff88c5a7e39","local_time":"20200705065937","is_ascension_mode":false,"campfire_choices":[{"data":"Zap","floor":8,"key":"SMITH"},{"data":"Go for the Eyes","floor":10,"key":"SMITH"},{"data":"Streamline","floor":15,"key":"SMITH"}],"neow_cost":"NONE","seed_source_timestamp":534661647556258,"circlet_count":0,"master_deck":["Strike_B","Strike_B","Defend_B","Defend_B","Defend_B","Defend_B","Zap+1","Dualcast","Coolheaded","Go for the Eyes+1","Conserve Battery","Seek","Self Repair","Rip and Tear","Streamline+1","Machine Learning","CurseOfTheBell","Capacitor","Go for the Eyes","Genetic Algorithm","Ghostly","Ghostly","Ghostly","Ghostly","Ghostly","Streamline","Fusion"],"relics":["Cracked Core","Anchor","Calling Bell","MawBank","Kunai","Lizard Tail","Bag of Preparation","Meat on the Bone","Incense Burner"],"potions_floor_usage":[7,14,21,23],"damage_taken":[{"damage":10,"enemies":"Small Slimes","floor":1,"turns":3},{"damage":6,"enemies":"Jaw Worm","floor":2,"turns":4},{"damage":0,"enemies":"2 Louse","floor":4,"turns":3},{"damage":0,"enemies":"Looter","floor":5,"turns":4},{"damage":0,"enemies":"Blue Slaver","floor":7,"turns":5},{"damage":0,"enemies":"Large Slime","floor":11,"turns":5},{"damage":0,"enemies":"Looter","floor":12,"turns":3},{"damage":0,"enemies":"3 Louse","floor":13,"turns":3},{"damage":2,"enemies":"Exordium Thugs","floor":14,"turns":3},{"damage":34,"enemies":"Slime Boss","floor":16,"turns":12},{"damage":0,"enemies":"Chosen","floor":18,"turns":4},{"damage":17,"enemies":"3 Byrds","floor":20,"turns":6},{"damage":11,"enemies":"Cultist and Chosen","floor":21,"turns":6},{"damage":33,"enemies":"Book of Stabbing","floor":23,"turns":9},{"damage":2,"enemies":"Snake Plant","floor":25,"turns":6},{"damage":28,"enemies":"Shelled Parasite and Fungi","floor":27,"turns":8},{"damage":0,"enemies":"Sentry and Sphere","floor":28,"turns":1}],"seed_played":"-6829828937744404771","potions_obtained":[{"floor":2,"key":"Regen Potion"},{"floor":5,"key":"AttackPotion"},{"floor":11,"key":"Ancient Potion"},{"floor":13,"key":"SteroidPotion"},{"floor":21,"key":"SteroidPotion"},{"floor":27,"key":"SpeedPotion"}],"is_trial":false,"path_per_floor":["M","M","?","M","M","$","M","R","T","R","M","M","M","M","R","B",null,"M","?","M","M","?","E","$","M","T","M","M"],"character_chosen":"DEFECT","items_purchased":["Seek","Self Repair"],"campfire_rested":0,"item_purchase_floors":[6,6],"current_hp_per_floor":[72,66,55,55,55,55,76,76,76,76,82,82,82,80,80,53,82,82,82,72,68,41,15,15,32,32,23,23],"gold":209,"neow_bonus":"TEN_PERCENT_HP_BONUS","is_prod":false,"is_daily":false,"chose_seed":false,"campfire_upgraded":3,"win_rate":0.0,"timestamp":1593950377,"path_taken":["M","M","?","M","M","$","M","R","T","R","M","M","M","M","R","BOSS","M","?","M","M","?","E","$","M","T","M","M"],"build_version":"2020-01-27","purchased_purges":2,"victory":false,"max_hp_per_floor":[82,82,82,82,82,82,82,82,82,82,82,82,82,82,82,82,82,82,82,82,82,41,41,41,41,41,41,41],"card_choices":[{"not_picked":["Leap","Beam Cell"],"picked":"Coolheaded","floor":1},{"not_picked":["Hologram","Compile Driver","Steam"],"picked":"SKIP","floor":2},{"not_picked":["Barrage","Stack"],"picked":"Go for the Eyes","floor":4},{"not_picked":["Barrage","Static Discharge"],"picked":"Conserve Battery","floor":5},{"not_picked":["Sweeping Beam","Leap"],"picked":"Rip and Tear","floor":7},{"not_picked":["Hologram","Sweeping Beam","Ball Lightning"],"picked":"SKIP","floor":11},{"not_picked":["Rainbow","Stack","Gash"],"picked":"SKIP","floor":12},{"not_picked":["Heatsinks","Doom and Gloom"],"picked":"Streamline","floor":13},{"not_picked":["Steam","Hologram","Coolheaded"],"picked":"SKIP","floor":14},{"not_picked":["Creative AI","All For One"],"picked":"Machine Learning","floor":16},{"not_picked":["Heatsinks+1","Beam Cell"],"picked":"Capacitor","floor":18},{"not_picked":["White Noise","Hologram"],"picked":"Go for the Eyes","floor":20},{"not_picked":["Redo","Compile Driver"],"picked":"Genetic Algorithm","floor":21},{"not_picked":["All For One","Coolheaded"],"picked":"Streamline","floor":23},{"not_picked":["Capacitor","Hologram"],"picked":"Fusion","floor":25},{"not_picked":["Coolheaded+1","Go for the Eyes","Hologram+1"],"picked":"SKIP","floor":27}],"player_experience":58568,"relics_obtained":[{"floor":9,"key":"Anchor"},{"floor":17,"key":"MawBank"},{"floor":17,"key":"Kunai"},{"floor":17,"key":"Lizard Tail"},{"floor":23,"key":"Meat on the Bone"},{"floor":26,"key":"Incense Burner"}],"event_choices":[{"damage_healed":0,"gold_gain":75,"player_choice":"Gather Gold","damage_taken":11,"max_hp_gain":0,"max_hp_loss":0,"event_name":"World of Goop","floor":3,"gold_loss":0},{"damage_healed":0,"gold_gain":0,"player_choice":"Obtained Relic","damage_taken":0,"relics_obtained":["Bag of Preparation"],"max_hp_gain":0,"max_hp_loss":0,"event_name":"Addict","floor":19,"gold_loss":85},{"damage_healed":0,"gold_gain":0,"player_choice":"Became a Ghost","damage_taken":0,"max_hp_gain":0,"max_hp_loss":41,"event_name":"Ghosts","floor":22,"gold_loss":0,"cards_obtained":["Ghostly","Ghostly","Ghostly","Ghostly","Ghostly"]}],"is_beta":false,"boss_relics":[{"not_picked":["Velvet Choker","Black Star"],"picked":"Calling Bell"}],"items_purged_floors":[6,24],"is_endless":false,"potions_floor_spawned":[2,5,11,13,21,27],"killed_by":"Sentry and Sphere","ascension_level":0}