{"gold_per_floor":[115,115,47,64,76,76,110,110,110,130,130,146,146,0,0,98,98,108,122,74,74,74,74],"floor_reached":23,"playtime":1276,"items_purged":["Strike_B"],"score":198,"play_id":"102520fe-8852-4a5b-8576-7db45f2b2d57","local_time":"20200707112337","is_ascension_mode":true,"campfire_choices":[{"data":"Defragment","floor":6,"key":"SMITH"},{"data":"Tempest","floor":11,"key":"SMITH"},{"data":"Biased Cognition","floor":13,"key":"SMITH"},{"data":"Go for the Eyes","floor":15,"key":"SMITH"}],"neow_cost":"NONE","seed_source_timestamp":694262054330433,"circlet_count":0,"master_deck":["Strike_B","Strike_B","Defend_B","Defend_B","Defend_B","Defend_B","Zap","Dualcast","Streamline","Go for the Eyes+1","Tempest+1","Sweeping Beam","Defragment+1","Glacier","Self Repair","Biased Cognition+1","BootSequence","Electrodynamics","Hologram+1","Coolheaded","Conserve Battery"],"relics":["Cracked Core","Bottled Tornado","Pantograph","Sozu"],"potions_floor_usage":[7],"damage_taken":[{"damage":1,"enemies":"2 Louse","floor":1,"turns":2},{"damage":1,"enemies":"Cultist","floor":4,"turns":3},{"damage":0,"enemies":"Small Slimes","floor":5,"turns":2},{"damage":21,"enemies":"3 Sentries","floor":7,"turns":5},{"damage":4,"enemies":"Blue Slaver","floor":10,"turns":3},{"damage":7,"enemies":"Looter","floor":12,"turns":2},{"damage":26,"enemies":"The Guardian","floor":16,"turns":8},{"damage":5,"enemies":"2 Thieves","floor":18,"turns":2},{"damage":4,"enemies":"Spheric Guardian","floor":19,"turns":4},{"damage":2,"enemies":"Slavers","floor":23,"turns":2}],"seed_played":"-368366746652188575","potions_obtained":[{"floor":1,"key":"Swift Potion"},{"floor":4,"key":"Fire Potion"},{"floor":8,"key":"Fire Potion"},{"floor":8,"key":"Swift Potion"},{"floor":10,"key":"Explosive Potion"},{"floor":12,"key":"Energy Potion"}],"is_trial":false,"path_per_floor":["M","?","$","M","M","R","E","?","T","M","R","M","R","$","R","B",null,"M","M","$","?","?","E"],"character_chosen":"DEFECT","items_purchased":["Tempest","BootSequence","Coolheaded"],"campfire_rested":0,"item_purchase_floors":[3,14,20],"current_hp_per_floor":[81,81,81,80,80,80,59,59,59,55,55,55,55,55,55,61,82,77,80,80,80,80,78],"gold":74,"neow_bonus":"TEN_PERCENT_HP_BONUS","is_prod":false,"is_daily":false,"chose_seed":false,"campfire_upgraded":4,"win_rate":0,"timestamp":1594139017,"path_taken":["M","?","$","M","M","R","E","?","T","M","R","?","R","$","R","BOSS","M","M","$","?","?","E"],"build_version":"2020-01-27","purchased_purges":1,"victory":false,"max_hp_per_floor":[82,82,82,82,82,82,82,82,82,82,82,82,82,82,82,82,82,82,82,82,82,82,82],"card_choices":[{"not_picked":["Force Field","Redo"],"picked":"Streamline","floor":1},{"not_picked":["Tempest","Loop"],"picked":"Sweeping Beam","floor":4},{"not_picked":["Conserve Battery","Lockon"],"picked":"Defragment","floor":5},{"not_picked":["Compile Driver","Steam"],"picked":"Glacier","floor":7},{"not_picked":["Hologram","Stack"],"picked":"Self Repair","floor":10},{"not_picked":["Gash","Hello World"],"picked":"Biased Cognition","floor":12},{"not_picked":["Rainbow","Amplify"],"picked":"Electrodynamics","floor":16},{"not_picked":["Sweeping Beam","Doom and Gloom"],"picked":"Hologram+1","floor":18},{"not_picked":["Undo","Steam+1","Gash"],"picked":"SKIP","floor":19}],"player_experience":104207,"relics_obtained":[{"floor":7,"key":"Bottled Tornado"},{"floor":9,"key":"Pantograph"}],"event_choices":[{"damage_healed":0,"gold_gain":0,"cards_transformed":["Strike_B"],"player_choice":"Change","damage_taken":0,"max_hp_gain":0,"max_hp_loss":0,"event_name":"Living Wall","floor":2,"gold_loss":0,"cards_obtained":["Go for the Eyes"]},{"damage_healed":0,"gold_gain":0,"player_choice":"Got Potions","damage_taken":0,"max_hp_gain":0,"max_hp_loss":0,"event_name":"Lab","floor":8,"gold_loss":0},{"damage_healed":0,"gold_gain":0,"player_choice":"Read","damage_taken":0,"max_hp_gain":0,"max_hp_loss":0,"event_name":"The Library","floor":21,"gold_loss":0,"cards_obtained":["Conserve Battery"]},{"damage_healed":0,"gold_gain":0,"player_choice":"Ignored","damage_taken":0,"max_hp_gain":0,"max_hp_loss":0,"event_name":"Vampires","floor":22,"gold_loss":0}],"is_beta":false,"boss_relics":[{"not_picked":["Astrolabe","Runic Pyramid"],"picked":"Sozu"}],"items_purged_floors":[14],"is_endless":false,"potions_floor_spawned":[1,4,10,12,19],"killed_by":"Slavers","ascension_level":1}