{"gold_per_floor":[119,14,34,44,64,64,64,64,64,84,98,128,141,170,170,275,275,295,305,321,335,38,38,72,72,72,86,98,115,148,165,165,262,262,277,71,87,37,37,37,85,85,109,33,45,45,45,63,63,63],"floor_reached":51,"playtime":4513,"items_purged":["Strike_B","Defend_B","Defend_B"],"score":746,"play_id":"a86eec17-9a7d-4729-82cf-de10e51af2d1","local_time":"20200824221725","is_ascension_mode":true,"campfire_choices":[{"data":"Buffer","floor":6.0,"key":"SMITH"},{"data":"Go for the Eyes","floor":8.0,"key":"SMITH"},{"data":"Loop","floor":15.0,"key":"SMITH"},{"data":"Seek","floor":23.0,"key":"SMITH"},{"data":"Zap","floor":25.0,"key":"SMITH"},{"data":"Coolheaded","floor":32,"key":"SMITH"},{"data":"Tempest","floor":40,"key":"SMITH"},{"data":"Defragment","floor":46,"key":"SMITH"},{"data":"Reinforced Body","floor":49,"key":"SMITH"}],"neow_cost":"TEN_PERCENT_HP_LOSS","seed_source_timestamp":633659482733965,"circlet_count":0,"master_deck":["Defend_B","Defend_B","Zap+1","Dualcast","Barrage","Buffer+1","White Noise","Ball Lightning","Defragment+1","Coolheaded+1","Go for the Eyes+1","Reinforced Body+1","Loop+1","Self Repair","Seek+1","Conserve Battery+1","Sweeping Beam+1","Reinforced Body","Tempest+1","Core Surge","Defragment+1"],"special_seed":0,"relics":["Cracked Core","Pantograph","Torii","Smiling Mask","Velvet Choker","Mercury Hourglass","Toy Ornithopter","Question Card","InkBottle","Busted Crown","Vajra","Lizard Tail","Centennial Puzzle"],"potions_floor_usage":[33,50,50,50],"damage_taken":[{"damage":2.0,"enemies":"Jaw Worm","floor":1.0,"turns":4.0},{"damage":1.0,"enemies":"Cultist","floor":3.0,"turns":3.0},{"damage":12.0,"enemies":"Small Slimes","floor":4.0,"turns":3.0},{"damage":2.0,"enemies":"2 Fungi Beasts","floor":5.0,"turns":3.0},{"damage":3.0,"enemies":"Blue Slaver","floor":10.0,"turns":5.0},{"damage":0.0,"enemies":"Large Slime","floor":11.0,"turns":5.0},{"damage":0.0,"enemies":"Lagavulin","floor":12.0,"turns":8.0},{"damage":0.0,"enemies":"Exordium Thugs","floor":13.0,"turns":5.0},{"damage":14.0,"enemies":"3 Sentries","floor":14.0,"turns":5.0},{"damage":9.0,"enemies":"Slime Boss","floor":16.0,"turns":9.0},{"damage":0.0,"enemies":"Chosen","floor":18.0,"turns":4.0},{"damage":0.0,"enemies":"Spheric Guardian","floor":19.0,"turns":6.0},{"damage":14.0,"enemies":"Snecko","floor":20.0,"turns":4.0},{"damage":9.0,"enemies":"Snake Plant","floor":21.0,"turns":4.0},{"damage":2.0,"enemies":"Book of Stabbing","floor":24.0,"turns":7.0},{"damage":0.0,"enemies":"Centurion and Healer","floor":27.0,"turns":6.0},{"damage":1.0,"enemies":"Shelled Parasite and Fungi","floor":28.0,"turns":5.0},{"damage":0.0,"enemies":"Chosen and Byrds","floor":29.0,"turns":5.0},{"damage":31,"enemies":"Slavers","floor":30,"turns":5},{"damage":0,"enemies":"3 Cultists","floor":31,"turns":3},{"damage":11,"enemies":"Champ","floor":33,"turns":14},{"damage":1,"enemies":"3 Darklings","floor":35,"turns":5},{"damage":9,"enemies":"3 Shapes","floor":37,"turns":3},{"damage":17,"enemies":"2 Orb Walkers","floor":41,"turns":5},{"damage":2,"enemies":"Maw","floor":45,"turns":8},{"damage":0,"enemies":"Transient","floor":48,"turns":5},{"damage":27,"enemies":"Awakened One","floor":50,"turns":10}],"seed_played":"-2832558398789016049","potions_obtained":[{"floor":1.0,"key":"GamblersBrew"},{"floor":11.0,"key":"DuplicationPotion"},{"floor":12.0,"key":"LiquidMemories"},{"floor":13.0,"key":"Fire Potion"},{"floor":14.0,"key":"Regen Potion"},{"floor":19.0,"key":"CultistPotion"},{"floor":21.0,"key":"FocusPotion"},{"floor":28.0,"key":"EssenceOfSteel"},{"floor":30,"key":"EntropicBrew"},{"floor":33,"key":"FocusPotion"}],"is_trial":false,"path_per_floor":["M","$","M","M","M","R","?","R","T","M","M","E","M","E","R","B",null,"M","M","M","M","$","R","E","R","T","M","M","M","E","M","R","B",null,"M","$","M","$","?","R","?","?","T","$","M","R","?","M","R","B",null],"character_chosen":"DEFECT","items_purchased":["Ball Lightning","Defragment","Mercury Hourglass","Vajra","Defragment"],"campfire_rested":0,"item_purchase_floors":[2,2,22,36,44],"current_hp_per_floor":[66,66,65,53,51,51,51,51,51,48,48,48,48,34,34,57,68,68,68,61,59,59,59,68,68,68,68,68,68,44,51,51,68,68,67,67,65,65,65,65,55,55,55,55,60,60,60,65,65,45],"gold":63,"neow_bonus":"TRANSFORM_TWO_CARDS","is_prod":false,"is_daily":false,"chose_seed":false,"campfire_upgraded":9,"win_rate":0,"timestamp":1598325445,"path_taken":["M","$","M","M","M","R","?","R","T","M","M","E","M","E","R","BOSS","M","M","M","M","$","R","E","R","T","M","?","M","E","M","R","BOSS","M","$","M","$","?","R","?","?","T","?","M","R","?","?","R","BOSS"],"build_version":"2020-07-30","purchased_purges":3,"victory":true,"max_hp_per_floor":[68,68,68,68,68,68,68,68,68,68,68,68,68,68,68,68,68,68,68,68,68,68,68,68,68,68,68,68,68,68,68,68,68,68,68,68,68,68,68,68,68,65,65,65,65,65,65,65,65,65],"card_choices":[{"not_picked":["Compile Driver","Glacier"],"picked":"White Noise","floor":1.0},{"not_picked":["Go for the Eyes","Loop"],"picked":"Coolheaded","floor":3.0},{"not_picked":["Static Discharge","Beam Cell"],"picked":"Go for the Eyes","floor":4.0},{"not_picked":["Hologram","Barrage","Undo"],"picked":"SKIP","floor":5.0},{"not_picked":["Gash","Auto Shields"],"picked":"Reinforced Body","floor":10.0},{"not_picked":["Auto Shields","Compile Driver","Beam Cell"],"picked":"SKIP","floor":11.0},{"not_picked":["Hologram","Go for the Eyes","Streamline"],"picked":"SKIP","floor":12.0},{"not_picked":["Recycle","Fusion"],"picked":"Loop","floor":13.0},{"not_picked":["Recycle","White Noise"],"picked":"Self Repair","floor":14.0},{"not_picked":["Creative AI","Biased Cognition"],"picked":"Seek","floor":16.0},{"not_picked":["Cold Snap","Gash"],"picked":"Conserve Battery+1","floor":18.0},{"not_picked":["Self Repair","Turbo"],"picked":"Sweeping Beam+1","floor":19.0},{"not_picked":["Chaos","Gash"],"picked":"Reinforced Body","floor":20.0},{"not_picked":["Sweeping Beam","Hologram+1","Rebound+1"],"picked":"SKIP","floor":21.0},{"not_picked":["Compile Driver","Heatsinks","Hologram+1"],"picked":"SKIP","floor":24.0},{"not_picked":["Blizzard+1","Consume","Reinforced Body","Redo"],"picked":"SKIP","floor":27.0},{"not_picked":["Static Discharge","Barrage","Turbo","Redo"],"picked":"SKIP","floor":28.0},{"not_picked":["Undo","Reboot","Genetic Algorithm","Melter"],"picked":"SKIP","floor":29.0},{"not_picked":["Melter","FTL","Stack","Conserve Battery"],"picked":"SKIP","floor":30},{"not_picked":["Steam","Steam Power+1","Gash"],"picked":"Tempest","floor":31},{"not_picked":["Hyperbeam","Biased Cognition","Multi-Cast"],"picked":"Core Surge","floor":33},{"not_picked":["Gash+1","Go for the Eyes"],"picked":"SKIP","floor":35},{"not_picked":["Heatsinks","Barrage"],"picked":"SKIP","floor":37},{"not_picked":["Turbo","Reprogram+1"],"picked":"SKIP","floor":45},{"not_picked":["Beam Cell","Streamline"],"picked":"SKIP","floor":48}],"player_experience":150623,"relics_obtained":[{"floor":9.0,"key":"Pantograph"},{"floor":12.0,"key":"Torii"},{"floor":14.0,"key":"Smiling Mask"},{"floor":24.0,"key":"Toy Ornithopter"},{"floor":26.0,"key":"Question Card"},{"floor":30,"key":"InkBottle"},{"floor":41,"key":"Lizard Tail"},{"floor":43,"key":"Centennial Puzzle"}],"event_choices":[{"damage_healed":0.0,"max_hp_gain":0.0,"max_hp_loss":0.0,"gold_gain":0.0,"event_name":"Upgrade Shrine","player_choice":"Upgraded","floor":7.0,"gold_loss":0.0,"damage_taken":0.0,"cards_upgraded":["Defragment"]},{"damage_healed":0,"gold_gain":0,"player_choice":"Memory 1","damage_taken":0,"max_hp_gain":0,"max_hp_loss":0,"event_name":"SensoryStone","floor":39,"gold_loss":0},{"damage_healed":0,"gold_gain":0,"player_choice":"Fight","damage_taken":0,"max_hp_gain":0,"max_hp_loss":0,"event_name":"Mysterious Sphere","floor":41,"gold_loss":0},{"damage_healed":0,"gold_gain":0,"player_choice":"Max HP","damage_taken":0,"max_hp_gain":0,"max_hp_loss":3,"event_name":"Winding Halls","floor":42,"gold_loss":0},{"cards_removed":["Strike_B"],"damage_healed":0,"gold_gain":0,"player_choice":"Offered Basic","damage_taken":0,"max_hp_gain":0,"max_hp_loss":0,"event_name":"Bonfire Elementals","floor":47,"gold_loss":0}],"is_beta":false,"boss_relics":[{"not_picked":["Runic Dome","Snecko Eye"],"picked":"Velvet Choker"},{"not_picked":["Pandora\u0027s Box","SacredBark"],"picked":"Busted Crown"}],"items_purged_floors":[22,36,38],"is_endless":false,"potions_floor_spawned":[1,11,12,13,14,19,21,28,30,31,33,35,41,45],"ascension_level":2}