{"gold_per_floor":[10,29,44,58,71,86,86,115,138,170,170,245,245,272,272,373,373,392,406,426,208,258,258,293,313,313,330,330,330,347,347],"floor_reached":31,"playtime":5779,"items_purged":["Defend_B"],"score":321,"play_id":"e6f5760b-1c7e-441d-9f47-010dd7877d3c","local_time":"20200825190310","is_ascension_mode":true,"campfire_choices":[{"data":"Zap","floor":7.0,"key":"SMITH"},{"data":"Go for the Eyes","floor":13.0,"key":"SMITH"},{"floor":15.0,"key":"REST"},{"data":"Echo Form","floor":23.0,"key":"SMITH"},{"floor":29.0,"key":"REST"}],"neow_cost":"NO_GOLD","seed_source_timestamp":687198775728910,"circlet_count":0,"master_deck":["Strike_B","Strike_B","Strike_B","Defend_B","Defend_B","Defend_B","Zap+1","Dualcast","All For One","Beam Cell","Scrape","Seek","Go for the Eyes+1","Cold Snap","Sweeping Beam","Self Repair","Echo Form+1","FTL","Doom and Gloom+1","BootSequence+1"],"special_seed":0,"relics":["Cracked Core","Lizard Tail","Lantern","Strawberry","Sozu","Vajra","Bag of Marbles","Dream Catcher"],"potions_floor_usage":[],"damage_taken":[{"damage":1.0,"enemies":"Cultist","floor":1.0,"turns":3.0},{"damage":9.0,"enemies":"Jaw Worm","floor":2.0,"turns":3.0},{"damage":0.0,"enemies":"2 Louse","floor":3.0,"turns":2.0},{"damage":10.0,"enemies":"Gremlin Gang","floor":4.0,"turns":5.0},{"damage":17.0,"enemies":"3 Louse","floor":5.0,"turns":3.0},{"damage":18.0,"enemies":"Exordium Thugs","floor":6.0,"turns":3.0},{"damage":13.0,"enemies":"Gremlin Nob","floor":8.0,"turns":3.0},{"damage":13.0,"enemies":"Lagavulin","floor":10.0,"turns":5.0},{"damage":18.0,"enemies":"Gremlin Nob","floor":14.0,"turns":3.0},{"damage":18.0,"enemies":"Hexaghost","floor":16.0,"turns":7.0},{"damage":18.0,"enemies":"2 Thieves","floor":18.0,"turns":4.0},{"damage":0.0,"enemies":"3 Byrds","floor":19.0,"turns":3.0},{"damage":12.0,"enemies":"Centurion and Healer","floor":20.0,"turns":4.0},{"damage":26.0,"enemies":"Gremlin Leader","floor":24.0,"turns":6.0},{"damage":43.0,"enemies":"Shelled Parasite and Fungi","floor":25.0,"turns":4.0},{"damage":31.0,"enemies":"Snake Plant","floor":27.0,"turns":3.0},{"damage":7.0,"enemies":"3 Cultists","floor":30.0,"turns":3.0},{"damage":9,"enemies":"Sentry and Sphere","floor":31,"turns":3}],"seed_played":"4721999154023218928","potions_obtained":[{"floor":4.0,"key":"Energy Potion"},{"floor":5.0,"key":"Fire Potion"},{"floor":8.0,"key":"Weak Potion"},{"floor":10.0,"key":"Explosive Potion"},{"floor":14.0,"key":"AttackPotion"}],"is_trial":false,"path_per_floor":["M","M","M","M","M","M","R","E","T","E","?","?","R","E","R","B",null,"M","M","M","$","?","R","E","M","T","M","?","R","M","M"],"character_chosen":"DEFECT","items_purchased":["Vajra"],"campfire_rested":2,"item_purchase_floors":[21],"current_hp_per_floor":[74,65,65,55,38,20,20,7,7,37,30,19,19,8,32,21,82,71,78,80,80,80,80,68,32,32,1,1,25,25,16],"gold":347,"neow_bonus":"THREE_RARE_CARDS","is_prod":false,"is_daily":false,"chose_seed":false,"campfire_upgraded":3,"win_rate":0,"timestamp":1598400190,"path_taken":["M","M","M","M","?","M","R","E","T","E","?","?","R","E","R","BOSS","M","M","M","$","?","R","E","?","T","M","?","R","M","M"],"build_version":"2020-07-30","purchased_purges":1,"victory":false,"max_hp_per_floor":[75,75,75,75,75,75,75,75,75,75,75,75,75,82,82,82,82,82,82,82,82,82,82,82,82,82,82,82,82,82,82],"card_choices":[{"not_picked":["Thunder Strike","Multi-Cast"],"picked":"All For One","floor":0.0},{"not_picked":["Redo","Heatsinks"],"picked":"Beam Cell","floor":1.0},{"not_picked":["Hologram","Coolheaded"],"picked":"Scrape","floor":2.0},{"not_picked":["Redo","Ball Lightning"],"picked":"Seek","floor":3.0},{"not_picked":["Beam Cell","Force Field"],"picked":"Go for the Eyes","floor":4.0},{"not_picked":["Hologram","Double Energy"],"picked":"Cold Snap","floor":5.0},{"not_picked":["Rebound","All For One","Turbo"],"picked":"SKIP","floor":6.0},{"not_picked":["Coolheaded","Turbo"],"picked":"Sweeping Beam","floor":8.0},{"not_picked":["Static Discharge","Chill","Sweeping Beam"],"picked":"SKIP","floor":10.0},{"not_picked":["Streamline","Coolheaded"],"picked":"Self Repair","floor":14.0},{"not_picked":["All For One","Hyperbeam"],"picked":"Echo Form","floor":16.0},{"not_picked":["Consume","Recycle","Rebound"],"picked":"SKIP","floor":18.0},{"not_picked":["Ball Lightning+1","Genetic Algorithm+1"],"picked":"FTL","floor":19.0},{"not_picked":["Heatsinks","Recycle+1","Hologram"],"picked":"SKIP","floor":20.0},{"not_picked":["Cold Snap","Conserve Battery","Static Discharge"],"picked":"SKIP","floor":24.0},{"not_picked":["Genetic Algorithm","Force Field+1"],"picked":"Doom and Gloom+1","floor":25.0},{"not_picked":["Consume+1","Steam Power+1","Cold Snap"],"picked":"SKIP","floor":27.0},{"not_picked":["Beam Cell+1","Cold Snap+1"],"picked":"BootSequence+1","floor":29.0},{"not_picked":["Cold Snap","Coolheaded","Aggregate"],"picked":"SKIP","floor":30.0}],"player_experience":170509,"relics_obtained":[{"floor":8.0,"key":"Lizard Tail"},{"floor":10.0,"key":"Lantern"},{"floor":14.0,"key":"Strawberry"},{"floor":24.0,"key":"Bag of Marbles"},{"floor":26.0,"key":"Dream Catcher"}],"event_choices":[{"cards_removed":["Strike_B"],"damage_healed":0.0,"max_hp_gain":0.0,"max_hp_loss":0.0,"gold_gain":0.0,"event_name":"Golden Wing","player_choice":"Card Removal","floor":11.0,"gold_loss":0.0,"damage_taken":7.0},{"damage_healed":0.0,"max_hp_gain":0.0,"max_hp_loss":0.0,"gold_gain":75.0,"event_name":"World of Goop","player_choice":"Gather Gold","floor":12.0,"gold_loss":0.0,"damage_taken":11.0},{"damage_healed":0.0,"max_hp_gain":0.0,"max_hp_loss":0.0,"gold_gain":100.0,"event_name":"The Joust","player_choice":"Bet on Murderer","floor":22.0,"gold_loss":50.0,"damage_taken":0.0},{"damage_healed":0.0,"max_hp_gain":0.0,"max_hp_loss":0.0,"gold_gain":0.0,"event_name":"The Woman in Blue","player_choice":"Bought 0 Potions","floor":28.0,"gold_loss":0.0,"damage_taken":0.0}],"is_beta":false,"boss_relics":[{"not_picked":["Cursed Key","Fusion Hammer"],"picked":"Sozu"}],"items_purged_floors":[21],"is_endless":false,"potions_floor_spawned":[4,5,8,10,14,18,25,27,30],"killed_by":"Sentry and Sphere","ascension_level":3}