{"gold_per_floor":[110,128,128,143,160,160,194,194,194,221,221,371,128,153,153,227,227,246,246,262,272,272,272,301,311,311,311,343,354,373,406,406,485,485,502,502,502,514,92,92,124,137,216,216,249,261,261,593,593,593,593,593,54,85,85],"floor_reached":55,"playtime":8958,"items_purged":["Doubt","Defend_B","Defend_B"],"score":1639,"play_id":"ac14ed9c-61cd-4619-8bdf-01357b9322d1","local_time":"20210830022459","is_ascension_mode":true,"campfire_choices":[{"data":"Sunder","floor":8.0,"key":"SMITH"},{"data":"Skim","floor":11.0,"key":"SMITH"},{"floor":15.0,"key":"REST"},{"data":"Seek","floor":23.0,"key":"SMITH"},{"data":"Buffer","floor":27.0,"key":"SMITH"},{"data":"Buffer","floor":32.0,"key":"SMITH"},{"data":"Echo Form","floor":40,"key":"SMITH"},{"data":"Seek","floor":44,"key":"SMITH"},{"data":"Hologram","floor":47,"key":"SMITH"},{"floor":49,"key":"RECALL"},{"data":"Dualcast","floor":52,"key":"SMITH"}],"neow_cost":"NONE","seed_source_timestamp":0,"circlet_count":0,"master_deck":["AscendersBane","Strike_B","Strike_B","Defend_B","Defend_B","Zap+1","Dualcast+1","Leap","Rebound+1","Conserve Battery","Sunder+1","Sweeping Beam","Cold Snap","Skim+1","Seek+1","Seek+1","Conserve Battery","Leap","Chill","Buffer+1","Go for the Eyes","Buffer+1","Ball Lightning","Double Energy","BootSequence+1","Electrodynamics","Finesse","Violence","Panache","Echo Form+1","Sweeping Beam+1","Hologram+1","White Noise","Lockon+1","Static Discharge","Beam Cell+1"],"special_seed":0,"relics":["Nuclear Battery","Meat on the Bone","Bag of Preparation","White Beast Statue","Bronze Scales","PreservedInsect","Lizard Tail","Runic Pyramid","Regal Pillow","Strawberry","MealTicket","SacredBark","Toolbox","Ancient Tea Set","Mercury Hourglass","Whetstone","Old Coin","Sundial","Eternal Feather"],"potions_floor_usage":[33,33,41,42,45,46,48,50,54,55,55],"damage_taken":[{"damage":9.0,"enemies":"Jaw Worm","floor":1.0,"turns":5.0},{"damage":1.0,"enemies":"2 Louse","floor":2.0,"turns":2.0},{"damage":2.0,"enemies":"Small Slimes","floor":4.0,"turns":4.0},{"damage":11.0,"enemies":"Blue Slaver","floor":5.0,"turns":4.0},{"damage":6.0,"enemies":"3 Sentries","floor":7.0,"turns":7.0},{"damage":37.0,"enemies":"Gremlin Nob","floor":10.0,"turns":6.0},{"damage":3.0,"enemies":"Lagavulin","floor":14.0,"turns":5.0},{"damage":4.0,"enemies":"The Guardian","floor":16.0,"turns":12.0},{"damage":6.0,"enemies":"Shell Parasite","floor":18.0,"turns":9.0},{"damage":0.0,"enemies":"Spheric Guardian","floor":20.0,"turns":3.0},{"damage":0.0,"enemies":"Cultist and Chosen","floor":21.0,"turns":5.0},{"damage":28.0,"enemies":"Gremlin Leader","floor":24.0,"turns":11.0},{"damage":1.0,"enemies":"Centurion and Healer","floor":25.0,"turns":5.0},{"damage":0.0,"enemies":"Slavers","floor":28.0,"turns":4.0},{"damage":0.0,"enemies":"Snake Plant","floor":29.0,"turns":6.0},{"damage":0.0,"enemies":"Shelled Parasite and Fungi","floor":30.0,"turns":7.0},{"damage":17.0,"enemies":"Gremlin Leader","floor":31.0,"turns":7.0},{"damage":22,"enemies":"Automaton","floor":33,"turns":14},{"damage":0,"enemies":"3 Darklings","floor":35,"turns":4},{"damage":0,"enemies":"3 Shapes","floor":38,"turns":3},{"damage":0,"enemies":"Nemesis","floor":41,"turns":7},{"damage":0,"enemies":"3 Darklings","floor":42,"turns":4},{"damage":0,"enemies":"Reptomancer","floor":45,"turns":4},{"damage":0,"enemies":"Maw","floor":46,"turns":8},{"damage":0,"enemies":"Giant Head","floor":48,"turns":6},{"damage":3,"enemies":"Time Eater","floor":50,"turns":12},{"damage":25,"enemies":"Shield and Spear","floor":54,"turns":6},{"damage":126,"enemies":"The Heart","floor":55,"turns":8}],"seed_played":"-6890080361718184101","potions_obtained":[{"floor":1.0,"key":"DuplicationPotion"},{"floor":4.0,"key":"PotionOfCapacity"},{"floor":10.0,"key":"PowerPotion"},{"floor":14.0,"key":"DistilledChaos"},{"floor":16.0,"key":"Swift Potion"},{"floor":18.0,"key":"SteroidPotion"},{"floor":24.0,"key":"Dexterity Potion"},{"floor":25.0,"key":"Weak Potion"},{"floor":28.0,"key":"FocusPotion"},{"floor":29.0,"key":"Block Potion"},{"floor":31.0,"key":"Swift Potion"},{"floor":33,"key":"AttackPotion"},{"floor":35,"key":"LiquidMemories"},{"floor":41,"key":"EssenceOfSteel"},{"floor":42,"key":"FearPotion"},{"floor":45,"key":"EssenceOfSteel"},{"floor":46,"key":"PotionOfCapacity"},{"floor":48,"key":"SpeedPotion"},{"floor":54,"key":"Energy Potion"}],"is_trial":false,"path_per_floor":["M","M","?","M","M","?","E","R","T","E","R","?","$","E","R","B",null,"M","?","M","M","?","R","E","M","T","R","E","M","M","E","R","B",null,"M","?","?","M","$","R","E","M","T","R","E","M","R","E","R","B",null,"R","$","E","B"],"character_chosen":"DEFECT","items_purchased":["PreservedInsect","Echo Form","Toolbox","Static Discharge","Sundial","Energy Potion"],"campfire_rested":1,"item_purchase_floors":[13,39,39,53,53,53],"current_hp_per_floor":[55,54,36,46,47,47,41,41,41,16,16,16,16,25,46,42,64,58,58,58,58,58,58,42,41,41,41,48,48,48,43,43,33,67,67,67,57,57,72,72,72,72,72,72,72,72,72,72,72,69,76,76,78,53,0],"gold":85,"neow_bonus":"BOSS_RELIC","is_prod":false,"is_daily":false,"chose_seed":false,"campfire_upgraded":9,"win_rate":0,"timestamp":1630315499,"path_taken":["M","M","?","M","M","?","E","R","T","E","R","?","?","E","R","BOSS","M","?","M","M","?","R","E","M","T","R","E","?","M","E","R","BOSS","M","?","?","M","$","R","E","M","T","R","E","M","R","E","R","BOSS","R","$","E","BOSS"],"build_version":"2020-12-22","purchased_purges":3,"victory":false,"max_hp_per_floor":[71,71,71,71,71,71,71,71,71,71,71,71,71,71,71,71,71,71,71,71,71,71,71,71,71,71,71,78,78,78,78,78,78,78,78,78,78,78,78,78,78,78,78,78,78,78,78,78,78,78,78,78,78,78,78],"relic_stats":{"Regal Pillow":0,"counters":[28,178],"Eternal Feather":0,"PreservedInsect":491,"Bag of Preparation":[46],"Whetstone":["Sweeping Beam","Rebound"],"Ancient Tea Set":[8],"White Beast Statue":[0.0,0.0,0.0,0.4,0.0,0.6000000000000001,0.0,0.0,0.0,0.0,0.0,9.558544691200003],"Mercury Hourglass":[132],"Lizard Tail":39,"Sundial":[0],"Bronze Scales":[551],"MealTicket":17,"obtain_stats":[{"Regal Pillow":24,"SacredBark":34,"Eternal Feather":54,"PreservedInsect":13,"Bag of Preparation":7,"Whetstone":45,"Ancient Tea Set":41,"White Beast Statue":9,"Nuclear Battery":0,"Mercury Hourglass":43,"Old Coin":48,"Lizard Tail":14,"Sundial":53,"Bronze Scales":10,"Strawberry":28,"Toolbox":39,"MealTicket":31,"Cracked Core":0,"Meat on the Bone":3,"Runic Pyramid":17},{"Regal Pillow":12,"SacredBark":18,"Eternal Feather":27,"PreservedInsect":6,"Bag of Preparation":5,"Whetstone":23,"Ancient Tea Set":21,"White Beast Statue":5,"Nuclear Battery":0,"Mercury Hourglass":22,"Old Coin":25,"Lizard Tail":7,"Sundial":26,"Bronze Scales":6,"Strawberry":14,"Toolbox":20,"MealTicket":17,"Cracked Core":0,"Meat on the Bone":2,"Runic Pyramid":8},{"Regal Pillow":73,"SacredBark":116,"Eternal Feather":170,"PreservedInsect":28,"Bag of Preparation":22,"Whetstone":138,"Ancient Tea Set":130,"White Beast Statue":22,"Nuclear Battery":0,"Mercury Hourglass":134,"Old Coin":152,"Lizard Tail":33,"Sundial":164,"Bronze Scales":28,"Strawberry":82,"Toolbox":123,"MealTicket":102,"Cracked Core":0,"Meat on the Bone":7,"Runic Pyramid":45}],"Meat on the Bone":84},"card_choices":[{"not_picked":["Blizzard","Recycle"],"picked":"Leap","floor":1.0},{"not_picked":["Barrage","Heatsinks"],"picked":"Rebound","floor":2.0},{"not_picked":["Lockon","Force Field"],"picked":"Conserve Battery","floor":4.0},{"not_picked":["Barrage","Turbo"],"picked":"Sunder","floor":5.0},{"not_picked":["Turbo","Lockon"],"picked":"Cold Snap","floor":7.0},{"not_picked":["Lockon","Fission"],"picked":"Skim","floor":10.0},{"not_picked":["Sweeping Beam","Undo"],"picked":"Seek","floor":14.0},{"not_picked":["Rainbow","Reboot"],"picked":"Seek","floor":16.0},{"not_picked":["Barrage","Leap"],"picked":"Conserve Battery","floor":18.0},{"not_picked":["Compile Driver","Stack"],"picked":"Leap","floor":20.0},{"not_picked":["Rip and Tear","Beam Cell"],"picked":"Chill","floor":21.0},{"not_picked":["Coolheaded+1","Leap"],"picked":"Buffer","floor":24.0},{"not_picked":["Steam","Turbo"],"picked":"Go for the Eyes","floor":25.0},{"not_picked":["Compile Driver","White Noise"],"picked":"Buffer","floor":28.0},{"not_picked":["Turbo","Melter"],"picked":"Ball Lightning","floor":29.0},{"not_picked":["Go for the Eyes","Scrape"],"picked":"Double Energy","floor":30.0},{"not_picked":["Rip and Tear","Go for the Eyes"],"picked":"BootSequence+1","floor":31.0},{"not_picked":["Amplify","Buffer"],"picked":"Electrodynamics","floor":33},{"not_picked":["Stack","Redo","Turbo"],"picked":"SKIP","floor":35},{"not_picked":["PanicButton","HandOfGreed"],"picked":"Finesse","floor":37},{"not_picked":["Magnetism","Transmutation"],"picked":"Violence","floor":37},{"not_picked":["Chrysalis","Discovery"],"picked":"Panache","floor":37},{"not_picked":["Gash+1","Compile Driver","Stack"],"picked":"SKIP","floor":38},{"not_picked":["Aggregate","Barrage"],"picked":"Sweeping Beam","floor":41},{"not_picked":["Sunder","Sweeping Beam"],"picked":"Hologram","floor":42},{"not_picked":["Auto Shields","Stack"],"picked":"White Noise","floor":45},{"not_picked":["Sweeping Beam","Streamline","Stack+1"],"picked":"SKIP","floor":46},{"not_picked":["Conserve Battery+1","Thunder Strike"],"picked":"Lockon+1","floor":48},{"not_picked":["Sweeping Beam","Rip and Tear+1"],"picked":"Beam Cell+1","floor":54}],"player_experience":590857,"relics_obtained":[{"floor":7.0,"key":"Bag of Preparation"},{"floor":9.0,"key":"White Beast Statue"},{"floor":10.0,"key":"Bronze Scales"},{"floor":14.0,"key":"Lizard Tail"},{"floor":24.0,"key":"Regal Pillow"},{"floor":28.0,"key":"Strawberry"},{"floor":31.0,"key":"MealTicket"},{"floor":41,"key":"Ancient Tea Set"},{"floor":43,"key":"Mercury Hourglass"},{"floor":45,"key":"Whetstone"},{"floor":48,"key":"Old Coin"},{"floor":54,"key":"Eternal Feather"}],"event_choices":[{"damage_healed":0.0,"max_hp_gain":0.0,"max_hp_loss":0.0,"gold_gain":0.0,"event_name":"Scrap Ooze","player_choice":"Success","floor":3.0,"gold_loss":0.0,"damage_taken":18.0,"relics_obtained":["Meat on the Bone"]},{"damage_healed":0.0,"max_hp_gain":0.0,"max_hp_loss":0.0,"gold_gain":0.0,"cards_transformed":["Strike_B"],"event_name":"Living Wall","player_choice":"Change","floor":6.0,"gold_loss":0.0,"damage_taken":0.0,"cards_obtained":["Sweeping Beam"]},{"damage_healed":0.0,"max_hp_gain":0.0,"max_hp_loss":0.0,"gold_gain":150.0,"event_name":"Liars Game","player_choice":"AGREE","floor":12.0,"gold_loss":0.0,"damage_taken":0.0,"cards_obtained":["Doubt"]},{"damage_healed":0.0,"max_hp_gain":0.0,"max_hp_loss":0.0,"gold_gain":0.0,"event_name":"Ghosts","player_choice":"Ignored","floor":19.0,"gold_loss":0.0,"damage_taken":0.0},{"damage_healed":0.0,"max_hp_gain":0.0,"max_hp_loss":0.0,"gold_gain":0.0,"event_name":"Upgrade Shrine","player_choice":"Upgraded","floor":22.0,"gold_loss":0.0,"damage_taken":0.0,"cards_upgraded":["Zap"]},{"cards_removed":["Strike_B"],"damage_healed":0,"gold_gain":0,"player_choice":"Removed Attack","damage_taken":0,"max_hp_gain":0,"max_hp_loss":0,"event_name":"Falling","floor":36,"gold_loss":0},{"damage_healed":0,"gold_gain":0,"player_choice":"Memory 3","damage_taken":10,"max_hp_gain":0,"max_hp_loss":0,"event_name":"SensoryStone","floor":37,"gold_loss":0}],"is_beta":false,"boss_relics":[{"not_picked":["Philosopher\u0027s Stone","Ectoplasm"],"picked":"Runic Pyramid"},{"not_picked":["Black Star","Calling Bell"],"picked":"SacredBark"}],"items_purged_floors":[13,39,53],"is_endless":false,"potions_floor_spawned":[1,4,10,14,16,18,20,21,24,25,28,29,30,31,33,35,38,41,42,45,46,48,54],"killed_by":"The Heart","ascension_level":16}