{"gold_per_floor":[119,269,283,294,369,369,395,395,395,415,447,447,480,480,480,557,557,567,546,546],"floor_reached":20,"playtime":3516,"items_purged":[],"score":401,"play_id":"2d35b961-ade1-4cee-a434-d2fa58d46e31","local_time":"20210831215250","is_ascension_mode":true,"campfire_choices":[{"data":"Consume","floor":6.0,"key":"SMITH"},{"data":"Dualcast","floor":8.0,"key":"SMITH"},{"data":"Loop","floor":15,"key":"SMITH"}],"neow_cost":"NONE","seed_source_timestamp":0,"circlet_count":0,"master_deck":["AscendersBane","Strike_B","Strike_B","Strike_B","Defend_B","Defend_B+1","Zap+1","Dualcast+1","Melter","Doubt","Consume+1","Undo","Sweeping Beam","Go for the Eyes+1","Reboot","Loop+1","Buffer","Sweeping Beam+1","Creative AI+1","Cold Snap+1","Tempest+1"],"special_seed":0,"relics":["Cracked Core","War Paint","Matryoshka","Molten Egg 2","Toy Ornithopter","Singing Bowl","Juzu Bracelet","Astrolabe"],"potions_floor_usage":[13,16],"damage_taken":[{"damage":0.0,"enemies":"2 Louse","floor":1.0,"turns":2.0},{"damage":2.0,"enemies":"Jaw Worm","floor":3.0,"turns":4.0},{"damage":7.0,"enemies":"Small Slimes","floor":4.0,"turns":3.0},{"damage":39.0,"enemies":"3 Sentries","floor":7.0,"turns":8.0},{"damage":0.0,"enemies":"2 Fungi Beasts","floor":10.0,"turns":3.0},{"damage":5.0,"enemies":"Lagavulin","floor":11.0,"turns":7.0},{"damage":0,"enemies":"Gremlin Nob","floor":13,"turns":3},{"damage":11,"enemies":"Slime Boss","floor":16,"turns":7},{"damage":9,"enemies":"Chosen","floor":18,"turns":5},{"damage":28,"enemies":"2 Thieves","floor":19,"turns":4},{"damage":53,"enemies":"Chosen and Byrds","floor":20,"turns":5}],"seed_played":"976343781998640306","potions_obtained":[{"floor":1.0,"key":"FearPotion"},{"floor":4.0,"key":"Regen Potion"},{"floor":7.0,"key":"PowerPotion"},{"floor":10.0,"key":"SkillPotion"},{"floor":13,"key":"DistilledChaos"}],"is_trial":false,"path_per_floor":["M","?","M","M","?","R","E","R","T","M","E","?","E","?","R","B",null,"M","M","M"],"character_chosen":"DEFECT","items_purchased":[],"campfire_rested":0,"item_purchase_floors":[],"current_hp_per_floor":[64,64,62,55,44,44,20,20,20,20,20,20,25,25,25,19,58,49,23,0],"gold":546,"neow_bonus":"RANDOM_COMMON_RELIC","is_prod":false,"is_daily":false,"chose_seed":false,"campfire_upgraded":3,"win_rate":0,"timestamp":1630471970,"path_taken":["M","?","M","M","?","R","E","R","T","M","E","?","E","?","R","BOSS","M","M","M"],"build_version":"2020-12-22","purchased_purges":0,"victory":false,"max_hp_per_floor":[71,71,71,71,71,71,71,71,71,71,71,71,71,71,71,71,71,71,73,73],"relic_stats":{"Matryoshka":1,"Singing Bowl":2,"counters":[11,50],"Astrolabe":["Sweeping Beam","Creative AI","Cold Snap"],"Juzu Bracelet":0,"War Paint":["Defend_B","Zap"],"obtain_stats":[{"Matryoshka":7,"Singing Bowl":11,"Astrolabe":17,"Molten Egg 2":9,"Juzu Bracelet":13,"War Paint":0,"Cracked Core":0,"Toy Ornithopter":9},{"Matryoshka":4,"Singing Bowl":6,"Astrolabe":8,"Molten Egg 2":4,"Juzu Bracelet":7,"War Paint":0,"Cracked Core":0,"Toy Ornithopter":4},{"Matryoshka":17,"Singing Bowl":27,"Astrolabe":36,"Molten Egg 2":17,"Juzu Bracelet":30,"War Paint":0,"Cracked Core":0,"Toy Ornithopter":17}],"Toy Ornithopter":15},"card_choices":[{"not_picked":["Auto Shields","Turbo"],"picked":"Melter","floor":1.0},{"not_picked":["Force Field","Doom and Gloom"],"picked":"Consume","floor":3.0},{"not_picked":["Scrape","Streamline"],"picked":"Undo","floor":4.0},{"not_picked":["Genetic Algorithm","Conserve Battery"],"picked":"Sweeping Beam","floor":7.0},{"not_picked":["Sweeping Beam+1","Streamline+1"],"picked":"Go for the Eyes+1","floor":10.0},{"not_picked":["Stack","Scrape+1"],"picked":"Reboot","floor":11},{"not_picked":["Force Field","Rebound+1"],"picked":"Loop","floor":13},{"not_picked":["Multi-Cast","All For One+1"],"picked":"Buffer","floor":16},{"not_picked":["Melter+1","Turbo+1"],"picked":"Tempest+1","floor":18},{"not_picked":["Double Energy","Leap","Darkness+1"],"picked":"Singing Bowl","floor":19}],"player_experience":607352,"relics_obtained":[{"floor":7.0,"key":"Matryoshka"},{"floor":9.0,"key":"Molten Egg 2"},{"floor":9.0,"key":"Toy Ornithopter"},{"floor":11,"key":"Singing Bowl"},{"floor":13,"key":"Juzu Bracelet"}],"event_choices":[{"damage_healed":0.0,"max_hp_gain":0.0,"max_hp_loss":0.0,"gold_gain":150.0,"event_name":"Liars Game","player_choice":"AGREE","floor":2.0,"gold_loss":0.0,"damage_taken":0.0,"cards_obtained":["Doubt"]},{"damage_healed":0.0,"max_hp_gain":0.0,"max_hp_loss":0.0,"gold_gain":75.0,"event_name":"World of Goop","player_choice":"Gather Gold","floor":5.0,"gold_loss":0.0,"damage_taken":11.0},{"damage_healed":0,"gold_gain":0,"player_choice":"Ignored","damage_taken":0,"max_hp_gain":0,"max_hp_loss":0,"event_name":"Shining Light","floor":12,"gold_loss":0},{"damage_healed":0,"gold_gain":0,"player_choice":"Fled","damage_taken":0,"max_hp_gain":0,"max_hp_loss":0,"event_name":"Scrap Ooze","floor":14,"gold_loss":0}],"is_beta":false,"boss_relics":[{"not_picked":["Runic Dome","Empty Cage"],"picked":"Astrolabe"}],"items_purged_floors":[],"is_endless":false,"potions_floor_spawned":[1,4,7,10,13],"killed_by":"Chosen and Byrds","ascension_level":17}