{"gold_per_floor":[114,128,147,162,162,188,208,235,235,266,283,293,318,243,243,321,321,341,361,361,375,394,394,423,435,481,481,481,509,106,133,133,205,205,223,235,235,17,42,59,59,85,85,110,128,148,38,38,38,38],"floor_reached":51,"playtime":7636,"items_purged":["Strike_B","Defend_B"],"score":1457,"play_id":"d982f16f-3a0e-4e92-bfa9-b6e39a09f5c2","local_time":"20210901011200","is_ascension_mode":true,"campfire_choices":[{"data":"Zap","floor":15.0,"key":"SMITH"},{"data":"Seek","floor":23.0,"key":"SMITH"},{"floor":28.0,"key":"REST"},{"data":"Reinforced Body","floor":32.0,"key":"SMITH"},{"data":"Thunder Strike","floor":41.0,"key":"SMITH"},{"floor":49,"key":"REST"}],"neow_cost":"PERCENT_DAMAGE","seed_source_timestamp":686924437735956,"circlet_count":0,"master_deck":["AscendersBane","Strike_B","Defend_B","Defend_B","Defend_B","Zap+1","Dualcast","Rebound","Compile Driver","Barrage","Tempest+1","Lockon","Seek+1","Self Repair","Leap","Sweeping Beam","Coolheaded","Thunder Strike+1","Reinforced Body+1","Fusion+1","Conserve Battery","Self Repair","Darkness+1","Capacitor","White Noise+1","Multi-Cast+1","Turbo+1","Reinforced Body+1","Madness+1","Madness+1","Loop","Turbo+1","White Noise+1","Conserve Battery+1","BootSequence+1","Cold Snap+1","Consume+1"],"special_seed":0,"relics":["Cracked Core","CaptainsWheel","Mango","Akabeko","Sundial","HornCleat","Bronze Scales","Sozu","Symbiotic Virus","Blue Candle","Pantograph","Toxic Egg 2","Runic Pyramid","Emotion Chip","TungstenRod","Torii","Molten Egg 2"],"potions_floor_usage":[],"damage_taken":[{"damage":0.0,"enemies":"2 Louse","floor":1.0,"turns":3.0},{"damage":1.0,"enemies":"Cultist","floor":2.0,"turns":4.0},{"damage":2.0,"enemies":"Jaw Worm","floor":3.0,"turns":3.0},{"damage":1.0,"enemies":"2 Fungi Beasts","floor":4.0,"turns":3.0},{"damage":10.0,"enemies":"Gremlin Nob","floor":6.0,"turns":4.0},{"damage":7.0,"enemies":"Looter","floor":7.0,"turns":3.0},{"damage":17.0,"enemies":"Lagavulin","floor":8.0,"turns":6.0},{"damage":16.0,"enemies":"Gremlin Nob","floor":10.0,"turns":3.0},{"damage":0.0,"enemies":"Exordium Wildlife","floor":11.0,"turns":3.0},{"damage":0.0,"enemies":"Exordium Thugs","floor":12.0,"turns":3.0},{"damage":8.0,"enemies":"Lagavulin","floor":13.0,"turns":6.0},{"damage":27.0,"enemies":"Slime Boss","floor":16.0,"turns":7.0},{"damage":0.0,"enemies":"Spheric Guardian","floor":18.0,"turns":3.0},{"damage":0.0,"enemies":"Chosen","floor":19.0,"turns":3.0},{"damage":23.0,"enemies":"Shelled Parasite and Fungi","floor":21.0,"turns":6.0},{"damage":17.0,"enemies":"Snecko","floor":22.0,"turns":5.0},{"damage":33.0,"enemies":"Book of Stabbing","floor":24.0,"turns":5.0},{"damage":0.0,"enemies":"Snake Plant","floor":25.0,"turns":3.0},{"damage":29.0,"enemies":"Slavers","floor":29.0,"turns":6.0},{"damage":30.0,"enemies":"Gremlin Leader","floor":31.0,"turns":5.0},{"damage":44.0,"enemies":"Collector","floor":33.0,"turns":7.0},{"damage":2.0,"enemies":"Orb Walker","floor":35.0,"turns":3.0},{"damage":2.0,"enemies":"3 Shapes","floor":36.0,"turns":3.0},{"damage":24.0,"enemies":"Mind Bloom Boss Battle","floor":39.0,"turns":5.0},{"damage":18.0,"enemies":"Sphere and 2 Shapes","floor":40.0,"turns":5.0},{"damage":70.0,"enemies":"Giant Head","floor":42.0,"turns":9.0},{"damage":8,"enemies":"Reptomancer","floor":44,"turns":3},{"damage":0,"enemies":"Jaw Worm Horde","floor":45,"turns":3},{"damage":9,"enemies":"Spire Growth","floor":46,"turns":4},{"damage":47,"enemies":"Donu and Deca","floor":50,"turns":6}],"seed_played":"-1695421198497475852","potions_obtained":[{"floor":1.0,"key":"SteroidPotion"},{"floor":4.0,"key":"LiquidBronze"},{"floor":6.0,"key":"Swift Potion"},{"floor":11.0,"key":"Block Potion"},{"floor":16.0,"key":"BlessingOfTheForge"}],"is_trial":false,"path_per_floor":["M","M","M","M","?","E","M","E","T","E","M","M","E","?","R","B",null,"M","M","?","M","M","R","E","M","T","?","R","E","$","E","R","B",null,"M","M","?","$","?","M","R","E","T","E","M","M","?","$","R","B",null],"character_chosen":"DEFECT","items_purchased":["Capacitor","Pantograph","Loop","Turbo+1"],"campfire_rested":2,"item_purchase_floors":[30,30,38,38],"current_hp_per_floor":[46,45,43,42,71,75,68,51,51,35,42,49,48,48,48,28,71,71,78,78,62,52,52,26,26,26,26,51,36,36,20,20,8,66,78,83,68,68,75,71,71,15,15,14,14,19,19,19,44,36],"gold":38,"neow_bonus":"ONE_RARE_RELIC","is_prod":false,"is_daily":false,"chose_seed":false,"campfire_upgraded":4,"win_rate":0,"timestamp":1630483920,"path_taken":["M","M","M","M","?","E","?","E","T","E","M","M","E","?","R","BOSS","M","M","?","M","M","R","E","M","T","?","R","E","$","E","R","BOSS","M","M","?","$","?","M","R","E","T","E","M","M","?","$","R","BOSS"],"build_version":"2020-12-22","purchased_purges":2,"victory":true,"max_hp_per_floor":[71,71,71,71,71,85,85,85,85,85,85,85,85,85,85,85,85,85,85,85,85,85,85,85,85,85,85,85,85,85,85,85,85,85,85,85,85,85,85,85,85,85,85,85,85,85,85,85,85,85],"relic_stats":{"Sozu":6,"Emotion Chip":[44,28,2,11,3],"Torii":6,"counters":[30,132],"Sundial":[6],"Bronze Scales":[283],"Blue Candle":[0],"Pantograph":67,"obtain_stats":[{"Torii":43,"Blue Candle":29,"Mango":6,"Akabeko":8,"Sozu":17,"CaptainsWheel":0,"Emotion Chip":39,"HornCleat":10,"Sundial":9,"Bronze Scales":13,"Pantograph":30,"Molten Egg 2":44,"Toxic Egg 2":31,"Cracked Core":0,"Symbiotic Virus":24,"TungstenRod":42,"Runic Pyramid":34},{"Torii":26,"Blue Candle":19,"Mango":5,"Akabeko":7,"Sozu":12,"CaptainsWheel":0,"Emotion Chip":24,"HornCleat":8,"Sundial":7,"Bronze Scales":11,"Pantograph":19,"Molten Egg 2":27,"Toxic Egg 2":20,"Cracked Core":0,"Symbiotic Virus":17,"TungstenRod":26,"Runic Pyramid":21},{"Torii":116,"Blue Candle":79,"Mango":17,"Akabeko":26,"Sozu":48,"CaptainsWheel":0,"Emotion Chip":102,"HornCleat":29,"Sundial":26,"Bronze Scales":41,"Pantograph":79,"Molten Egg 2":119,"Toxic Egg 2":84,"Cracked Core":0,"Symbiotic Virus":70,"TungstenRod":116,"Runic Pyramid":91}],"TungstenRod":8},"card_choices":[{"not_picked":["FTL","Doom and Gloom"],"picked":"Rebound","floor":1.0},{"not_picked":["Stack","Steam"],"picked":"Compile Driver","floor":2.0},{"not_picked":["Hologram","Doom and Gloom"],"picked":"Barrage","floor":3.0},{"not_picked":["Redo","Beam Cell"],"picked":"Chill","floor":4.0},{"not_picked":["Go for the Eyes","Hologram"],"picked":"Tempest","floor":6.0},{"not_picked":["Cold Snap","Melter"],"picked":"Lockon","floor":7.0},{"not_picked":["Reprogram","Sweeping Beam"],"picked":"Seek","floor":8.0},{"not_picked":["Conserve Battery","Thunder Strike"],"picked":"Self Repair","floor":10.0},{"not_picked":["Fusion","Stack"],"picked":"Leap","floor":11.0},{"not_picked":["Beam Cell","Compile Driver"],"picked":"Sweeping Beam","floor":12.0},{"not_picked":["Skim","Hello World"],"picked":"Coolheaded","floor":13.0},{"not_picked":["Rainbow","Meteor Strike"],"picked":"Thunder Strike","floor":16.0},{"not_picked":["Hologram","Stack","Turbo"],"picked":"SKIP","floor":18.0},{"not_picked":["Coolheaded","Double Energy+1"],"picked":"Reinforced Body","floor":19.0},{"not_picked":["Lockon","Stack"],"picked":"Fusion+1","floor":21.0},{"not_picked":["Go for the Eyes","Scrape"],"picked":"Conserve Battery","floor":22.0},{"not_picked":["Rebound","Rip and Tear+1","Chill"],"picked":"SKIP","floor":24.0},{"not_picked":["Double Energy","Rebound"],"picked":"Self Repair","floor":25.0},{"not_picked":["Cold Snap","Leap"],"picked":"Darkness+1","floor":29.0},{"not_picked":["Heatsinks","Hyperbeam"],"picked":"White Noise+1","floor":31.0},{"not_picked":["Thunder Strike","Meteor Strike"],"picked":"Multi-Cast+1","floor":33.0},{"not_picked":["Gash","FTL"],"picked":"Turbo+1","floor":35.0},{"not_picked":["Cold Snap+1","Barrage"],"picked":"Reinforced Body+1","floor":36.0},{"not_picked":["Storm","Sunder"],"picked":"White Noise+1","floor":39.0},{"not_picked":["Redo+1","Steam+1","Cold Snap"],"picked":"SKIP","floor":40.0},{"not_picked":["Skim+1","Heatsinks"],"picked":"Conserve Battery+1","floor":42.0},{"not_picked":["Barrage+1","Coolheaded+1"],"picked":"BootSequence+1","floor":44},{"not_picked":["Force Field+1","Rebound+1"],"picked":"Cold Snap+1","floor":45},{"not_picked":["Conserve Battery+1","Undo+1"],"picked":"Consume+1","floor":46}],"player_experience":613934,"relics_obtained":[{"floor":6.0,"key":"Mango"},{"floor":8.0,"key":"Akabeko"},{"floor":9.0,"key":"Sundial"},{"floor":10.0,"key":"HornCleat"},{"floor":13.0,"key":"Bronze Scales"},{"floor":24.0,"key":"Symbiotic Virus"},{"floor":29.0,"key":"Blue Candle"},{"floor":31.0,"key":"Toxic Egg 2"},{"floor":39.0,"key":"Emotion Chip"},{"floor":42.0,"key":"TungstenRod"},{"floor":43.0,"key":"Torii"},{"floor":44,"key":"Molten Egg 2"}],"event_choices":[{"cards_removed":["Chill"],"damage_healed":29.0,"max_hp_gain":0.0,"max_hp_loss":0.0,"gold_gain":0.0,"event_name":"Bonfire Elementals","player_choice":"Offered Uncommon","floor":5.0,"gold_loss":0.0,"damage_taken":0.0},{"cards_removed":["Strike_B"],"damage_healed":0.0,"max_hp_gain":0.0,"max_hp_loss":0.0,"gold_gain":0.0,"event_name":"The Cleric","player_choice":"Card Removal","floor":14.0,"gold_loss":75.0,"damage_taken":0.0},{"damage_healed":0.0,"max_hp_gain":0.0,"max_hp_loss":0.0,"gold_gain":0.0,"event_name":"Vampires","player_choice":"Ignored","floor":20.0,"gold_loss":0.0,"damage_taken":0.0},{"damage_healed":0.0,"max_hp_gain":0.0,"max_hp_loss":0.0,"gold_gain":0.0,"event_name":"Cursed Tome","player_choice":"Ignored","floor":27.0,"gold_loss":0.0,"damage_taken":0.0},{"damage_healed":0.0,"max_hp_gain":0.0,"max_hp_loss":0.0,"gold_gain":0.0,"event_name":"Winding Halls","player_choice":"Embrace Madness","floor":37.0,"gold_loss":0.0,"damage_taken":15.0,"cards_obtained":["Madness","Madness"]},{"damage_healed":0.0,"max_hp_gain":0.0,"max_hp_loss":0.0,"gold_gain":0.0,"event_name":"MindBloom","player_choice":"Fight","floor":39.0,"gold_loss":0.0,"damage_taken":0.0},{"cards_removed":["Strike_B"],"damage_healed":0,"gold_gain":0,"player_choice":"Upgrade and Remove","damage_taken":0,"max_hp_gain":0,"max_hp_loss":0,"event_name":"Designer","floor":47,"gold_loss":110,"cards_upgraded":["Tempest"]}],"is_beta":false,"boss_relics":[{"not_picked":["Tiny House","Pandora\u0027s Box"],"picked":"Sozu"},{"not_picked":["Runic Dome","Astrolabe"],"picked":"Runic Pyramid"}],"items_purged_floors":[30,38],"is_endless":false,"potions_floor_spawned":[1,4,6,11,16,19,22,25,31,36,44],"ascension_level":17}