{"gold_per_floor":[212,229,229,154,154,184,184,211,238,238,264,264,282,282],"floor_reached":14,"playtime":609,"items_purged":["Strike_B"],"score":196,"play_id":"97c78e84-cf76-4521-9e55-b82c8cf55243","local_time":"20210831223224","is_ascension_mode":true,"campfire_choices":[{"floor":10,"key":"REST"}],"neow_cost":"NONE","seed_source_timestamp":685155485010095,"circlet_count":0,"master_deck":["AscendersBane","Strike_B+1","Strike_B","Defend_B+1","Defend_B","Defend_B","Defend_B","Zap","Dualcast+1","Lockon","Ball Lightning+1","Lockon","Consume","Go for the Eyes"],"special_seed":0,"relics":["Cracked Core","Bag of Preparation","Singing Bowl","War Paint","Unceasing Top","Question Card"],"potions_floor_usage":[14],"damage_taken":[{"damage":2.0,"enemies":"Jaw Worm","floor":1.0,"turns":3.0},{"damage":6.0,"enemies":"2 Louse","floor":2.0,"turns":2.0},{"damage":25.0,"enemies":"Lagavulin","floor":6.0,"turns":5.0},{"damage":2.0,"enemies":"3 Sentries","floor":8.0,"turns":5.0},{"damage":16,"enemies":"Gremlin Nob","floor":11,"turns":3},{"damage":2,"enemies":"Small Slimes","floor":13,"turns":2},{"damage":12,"enemies":"3 Sentries","floor":14,"turns":2}],"seed_played":"8778064155456046312","potions_obtained":[{"floor":1.0,"key":"Strength Potion"},{"floor":2.0,"key":"PotionOfCapacity"},{"floor":6.0,"key":"ColorlessPotion"},{"floor":11,"key":"Swift Potion"}],"is_trial":false,"path_per_floor":["M","M","?","$","?","E","?","E","T","R","E","T","M","E"],"character_chosen":"DEFECT","items_purchased":[],"campfire_rested":1,"item_purchase_floors":[],"current_hp_per_floor":[62,56,49,49,28,3,3,1,1,22,8,8,6,0],"gold":282,"neow_bonus":"HUNDRED_GOLD","is_prod":false,"is_daily":false,"chose_seed":false,"campfire_upgraded":0,"win_rate":0,"timestamp":1630474344,"path_taken":["M","M","?","$","?","E","?","E","T","R","E","?","M","E"],"build_version":"2020-12-22","purchased_purges":1,"victory":false,"max_hp_per_floor":[71,71,71,71,71,71,71,71,71,71,73,73,73,73],"relic_stats":{"Singing Bowl":2,"counters":[7,22],"Bag of Preparation":[8],"War Paint":["Dualcast","Defend_B"],"Question Card":1,"obtain_stats":[{"Singing Bowl":8,"Bag of Preparation":6,"War Paint":9,"Cracked Core":0,"Question Card":12,"Unceasing Top":11},{"Singing Bowl":4,"Bag of Preparation":3,"War Paint":4,"Cracked Core":0,"Question Card":5,"Unceasing Top":5},{"Singing Bowl":15,"Bag of Preparation":10,"War Paint":15,"Cracked Core":0,"Question Card":18,"Unceasing Top":18}],"Unceasing Top":[0]},"card_choices":[{"not_picked":["Steam","Blizzard"],"picked":"Lockon","floor":1.0},{"not_picked":["Conserve Battery","Undo"],"picked":"Ball Lightning","floor":2.0},{"not_picked":["Streamline","Conserve Battery"],"picked":"Lockon","floor":6.0},{"not_picked":["Skim","Turbo"],"picked":"Consume","floor":8},{"not_picked":["Redo","Streamline","Ball Lightning"],"picked":"Singing Bowl","floor":11},{"not_picked":["Beam Cell","Rebound","Redo"],"picked":"Go for the Eyes","floor":13}],"player_experience":612366,"relics_obtained":[{"floor":6.0,"key":"Bag of Preparation"},{"floor":8,"key":"Singing Bowl"},{"floor":9,"key":"War Paint"},{"floor":11,"key":"Unceasing Top"},{"floor":12,"key":"Question Card"}],"event_choices":[{"cards_removed":["Strike_B"],"damage_healed":0.0,"max_hp_gain":0.0,"max_hp_loss":0.0,"gold_gain":0.0,"event_name":"Golden Wing","player_choice":"Card Removal","floor":3.0,"gold_loss":0.0,"damage_taken":7.0},{"damage_healed":0.0,"max_hp_gain":0.0,"max_hp_loss":0.0,"gold_gain":0.0,"event_name":"Shining Light","player_choice":"Entered Light","floor":5.0,"gold_loss":0.0,"damage_taken":21.0,"cards_upgraded":["Ball Lightning","Strike_B"]},{"damage_healed":0.0,"max_hp_gain":0.0,"max_hp_loss":0.0,"gold_gain":0.0,"event_name":"Scrap Ooze","player_choice":"Fled","floor":7.0,"gold_loss":0.0,"damage_taken":0.0}],"is_beta":false,"boss_relics":[],"items_purged_floors":[4],"is_endless":false,"potions_floor_spawned":[1,2,6,11],"killed_by":"3 Sentries","ascension_level":17}