{"gold_per_floor":[363,363,126,137,153,153,174,204,231,290,317,327,327,340,340,340],"floor_reached":16,"playtime":1434,"items_purged":["Pain"],"score":207,"play_id":"c9b3c8cc-15e3-43ee-b352-2b5c05be8d3d","local_time":"20210831222046","is_ascension_mode":true,"campfire_choices":[{"data":"Zap","floor":6.0,"key":"SMITH"},{"floor":15,"key":"REST"}],"neow_cost":"CURSE","seed_source_timestamp":683473123354338,"circlet_count":0,"master_deck":["AscendersBane","Strike_B","Strike_B","Strike_B","Defend_B","Defend_B","Defend_B","Defend_B","Zap+1","Dualcast","Streamline","Beam Cell","FTL","Stack","Go for the Eyes","Coolheaded","Self Repair","Consume","Zap","Loop"],"special_seed":0,"relics":["Cracked Core","Toolbox","Odd Mushroom","Potion Belt","Akabeko","StrikeDummy"],"potions_floor_usage":[14,16],"damage_taken":[{"damage":10.0,"enemies":"Jaw Worm","floor":1.0,"turns":4.0},{"damage":1.0,"enemies":"Cultist","floor":4.0,"turns":3.0},{"damage":7.0,"enemies":"Small Slimes","floor":5.0,"turns":3.0},{"damage":4.0,"enemies":"The Mushroom Lair","floor":7.0,"turns":3.0},{"damage":16.0,"enemies":"Gremlin Nob","floor":8.0,"turns":3.0},{"damage":5.0,"enemies":"Gremlin Gang","floor":10.0,"turns":4.0},{"damage":16.0,"enemies":"Lagavulin","floor":11.0,"turns":6.0},{"damage":0.0,"enemies":"Blue Slaver","floor":12.0,"turns":2.0},{"damage":2,"enemies":"2 Fungi Beasts","floor":14,"turns":2},{"damage":36,"enemies":"Slime Boss","floor":16,"turns":8}],"seed_played":"5373126836702838897","potions_obtained":[{"floor":1.0,"key":"SpeedPotion"},{"floor":8.0,"key":"LiquidBronze"},{"floor":12.0,"key":"DistilledChaos"}],"is_trial":false,"path_per_floor":["M","?","$","M","M","R","?","E","T","M","E","M","?","M","R","B"],"character_chosen":"DEFECT","items_purchased":["Toolbox"],"campfire_rested":1,"item_purchase_floors":[3],"current_hp_per_floor":[54,54,54,53,46,46,42,26,26,21,5,5,5,10,31,0],"gold":340,"neow_bonus":"TWO_FIFTY_GOLD","is_prod":false,"is_daily":false,"chose_seed":false,"campfire_upgraded":1,"win_rate":0,"timestamp":1630473646,"path_taken":["M","?","$","?","M","R","?","E","T","M","E","M","?","?","R","BOSS"],"build_version":"2020-12-22","purchased_purges":1,"victory":false,"max_hp_per_floor":[71,71,71,71,71,71,71,71,71,71,71,71,71,71,71,71],"relic_stats":{"counters":[10,38],"obtain_stats":[{"Potion Belt":8,"Toolbox":3,"Odd Mushroom":7,"Cracked Core":0,"StrikeDummy":11,"Akabeko":9},{"Potion Belt":5,"Toolbox":1,"Odd Mushroom":4,"Cracked Core":0,"StrikeDummy":7,"Akabeko":5},{"Potion Belt":16,"Toolbox":4,"Odd Mushroom":13,"Cracked Core":0,"StrikeDummy":26,"Akabeko":16}]},"card_choices":[{"not_picked":["Gash","Rip and Tear"],"picked":"Streamline","floor":1.0},{"not_picked":["Hologram","Leap"],"picked":"Beam Cell","floor":4.0},{"not_picked":["Compile Driver","Chaos"],"picked":"FTL","floor":5.0},{"not_picked":["Darkness","Barrage"],"picked":"Stack","floor":7.0},{"not_picked":["Leap","Barrage"],"picked":"Go for the Eyes","floor":8.0},{"not_picked":["Blizzard","Ball Lightning"],"picked":"Coolheaded","floor":10.0},{"not_picked":["Blizzard","Doom and Gloom"],"picked":"Self Repair","floor":11.0},{"not_picked":["Beam Cell","Auto Shields"],"picked":"Consume","floor":12.0},{"not_picked":["Leap","Storm"],"picked":"Loop","floor":14}],"player_experience":610902,"relics_obtained":[{"floor":7.0,"key":"Odd Mushroom"},{"floor":8.0,"key":"Potion Belt"},{"floor":9.0,"key":"Akabeko"},{"floor":11.0,"key":"StrikeDummy"}],"event_choices":[{"cards_removed":["Strike_B"],"damage_healed":0.0,"max_hp_gain":0.0,"max_hp_loss":0.0,"gold_gain":0.0,"event_name":"Purifier","player_choice":"Purged","floor":2.0,"gold_loss":0.0,"damage_taken":0.0},{"damage_healed":0.0,"max_hp_gain":0.0,"max_hp_loss":0.0,"gold_gain":0.0,"event_name":"Mushrooms","player_choice":"Fought Mushrooms","floor":7.0,"gold_loss":0.0,"damage_taken":0.0},{"damage_healed":0.0,"max_hp_gain":0.0,"max_hp_loss":0.0,"gold_gain":0.0,"event_name":"Match and Keep!","player_choice":"1 cards matched","floor":13.0,"gold_loss":0.0,"damage_taken":0.0,"cards_obtained":["Zap"]}],"is_beta":false,"boss_relics":[],"items_purged_floors":[3],"is_endless":false,"potions_floor_spawned":[1,8,12],"killed_by":"Slime Boss","ascension_level":17}