{"gold_per_floor":[118,132,150,200,35,64,83,110,110,110,110],"floor_reached":11,"playtime":824,"items_purged":["Strike_B"],"score":154,"play_id":"285ea62b-b7f4-4f87-ad9c-0a297e7faf88","local_time":"20210831224726","is_ascension_mode":true,"campfire_choices":[{"floor":10,"key":"REST"}],"neow_cost":"TEN_PERCENT_HP_LOSS","seed_source_timestamp":685806772339629,"circlet_count":0,"master_deck":["AscendersBane","Strike_B","Strike_B","Strike_B","Defend_B","Defend_B","Defend_B","Defend_B","Zap","Dualcast","White Noise","Coolheaded","Hologram","Defragment","Cold Snap","Defragment","Coolheaded"],"special_seed":0,"relics":["Cracked Core","Bird Faced Urn","Toy Ornithopter","Juzu Bracelet","Bottled Lightning"],"potions_floor_usage":[6,6],"damage_taken":[{"damage":4.0,"enemies":"Jaw Worm","floor":1.0,"turns":4.0},{"damage":1.0,"enemies":"Cultist","floor":2.0,"turns":3.0},{"damage":5.0,"enemies":"Small Slimes","floor":3.0,"turns":5.0},{"damage":36,"enemies":"3 Sentries","floor":6,"turns":9},{"damage":14,"enemies":"2 Fungi Beasts","floor":7,"turns":7},{"damage":16,"enemies":"Lagavulin","floor":8,"turns":9},{"damage":33,"enemies":"Gremlin Nob","floor":11,"turns":4}],"seed_played":"-2915916304855650658","potions_obtained":[{"floor":1.0,"key":"LiquidMemories"},{"floor":2.0,"key":"SteroidPotion"},{"floor":3.0,"key":"LiquidBronze"}],"is_trial":false,"path_per_floor":["M","M","M","?","$","E","M","E","T","R","E"],"character_chosen":"DEFECT","items_purchased":["Defragment"],"campfire_rested":1,"item_purchase_floors":[5],"current_hp_per_floor":[60,61,58,52,52,20,18,8,8,27,0],"gold":110,"neow_bonus":"ONE_RARE_RELIC","is_prod":false,"is_daily":false,"chose_seed":false,"campfire_upgraded":0,"win_rate":0,"timestamp":1630475246,"path_taken":["M","M","M","?","$","E","M","E","T","R","E"],"build_version":"2020-12-22","purchased_purges":1,"victory":false,"max_hp_per_floor":[64,64,64,64,64,64,64,64,64,64,64],"relic_stats":{"counters":[7,40],"Bird Faced Urn":[32],"Juzu Bracelet":0,"Bottled Lightning":"White Noise","obtain_stats":[{"Bird Faced Urn":0,"Juzu Bracelet":8,"Bottled Lightning":9,"Cracked Core":0,"Toy Ornithopter":6},{"Bird Faced Urn":0,"Juzu Bracelet":6,"Bottled Lightning":6,"Cracked Core":0,"Toy Ornithopter":4},{"Bird Faced Urn":0,"Juzu Bracelet":36,"Bottled Lightning":36,"Cracked Core":0,"Toy Ornithopter":21}],"Toy Ornithopter":0},"card_choices":[{"not_picked":["Steam Power","Chaos"],"picked":"White Noise","floor":1.0},{"not_picked":["Storm","Ball Lightning"],"picked":"Coolheaded","floor":2.0},{"not_picked":["Go for the Eyes","Stack"],"picked":"Hologram","floor":3.0},{"not_picked":["Coolheaded","Barrage"],"picked":"Cold Snap","floor":6},{"not_picked":["Turbo","Streamline"],"picked":"Defragment","floor":7},{"not_picked":["Undo","Consume"],"picked":"Coolheaded","floor":8}],"player_experience":612975,"relics_obtained":[{"floor":6,"key":"Toy Ornithopter"},{"floor":8,"key":"Juzu Bracelet"},{"floor":9,"key":"Bottled Lightning"}],"event_choices":[{"damage_healed":0.0,"max_hp_gain":0.0,"max_hp_loss":0.0,"gold_gain":50.0,"event_name":"FaceTrader","player_choice":"Touch","floor":4.0,"gold_loss":0.0,"damage_taken":6.0}],"is_beta":false,"boss_relics":[],"items_purged_floors":[5],"is_endless":false,"potions_floor_spawned":[1,2,3],"killed_by":"Gremlin Nob","ascension_level":17}