{"gold_per_floor":[112,131,147,127,137,137,153,181,252,5,31,31,31,67,67,155,155,180,205,229,256,181,181,208,208],"floor_reached":25,"playtime":1957,"items_purged":["Defend_B"],"score":428,"play_id":"d219aa8a-1698-4e70-b91b-17a0f3430b04","local_time":"20210915234348","is_ascension_mode":true,"campfire_choices":[{"data":"Zap","floor":6.0,"key":"SMITH"},{"data":"Beam Cell","floor":12.0,"key":"SMITH"},{"data":"Lockon","floor":15.0,"key":"SMITH"},{"data":"Self Repair","floor":23,"key":"SMITH"}],"neow_cost":"PERCENT_DAMAGE","seed_source_timestamp":0,"circlet_count":0,"master_deck":["AscendersBane","Strike_B","Strike_B","Strike_B","Strike_B","Defend_B","Defend_B","Zap+1","Dualcast","Ball Lightning","Beam Cell+1","Undo","Self Repair+1","Stack","Leap","Barrage","Lockon+1","Seek","Go for the Eyes+1","Reinforced Body","Capacitor+1","Lockon","Tempest"],"special_seed":0,"relics":["Cracked Core","Torii","Bottled Flame","Sundial","DataDisk","Dead Branch","CeramicFish","Coffee Dripper"],"potions_floor_usage":[25],"damage_taken":[{"damage":1.0,"enemies":"Small Slimes","floor":1.0,"turns":3.0},{"damage":1.0,"enemies":"Cultist","floor":2.0,"turns":3.0},{"damage":8.0,"enemies":"2 Louse","floor":3.0,"turns":2.0},{"damage":1.0,"enemies":"2 Fungi Beasts","floor":5.0,"turns":3.0},{"damage":8.0,"enemies":"3 Louse","floor":7.0,"turns":4.0},{"damage":8.0,"enemies":"Gremlin Nob","floor":8.0,"turns":3.0},{"damage":12.0,"enemies":"Lagavulin","floor":11.0,"turns":5.0},{"damage":8.0,"enemies":"Gremlin Nob","floor":14.0,"turns":3.0},{"damage":21.0,"enemies":"The Guardian","floor":16.0,"turns":10.0},{"damage":21.0,"enemies":"2 Thieves","floor":18.0,"turns":4.0},{"damage":11.0,"enemies":"3 Byrds","floor":19.0,"turns":5.0},{"damage":17.0,"enemies":"Snake Plant","floor":20.0,"turns":5.0},{"damage":2,"enemies":"3 Cultists","floor":21,"turns":5},{"damage":12,"enemies":"Centurion and Healer","floor":24,"turns":7},{"damage":34,"enemies":"Slavers","floor":25,"turns":3}],"seed_played":"-5476980994422361655","potions_obtained":[{"floor":1.0,"key":"GamblersBrew"},{"floor":4.0,"key":"Weak Potion"},{"floor":5.0,"key":"AttackPotion"},{"floor":8.0,"key":"Energy Potion"},{"floor":19.0,"key":"FearPotion"},{"floor":21,"key":"SteroidPotion"}],"is_trial":false,"path_per_floor":["M","M","M","?","M","R","M","E","T","$","E","R","$","E","R","B",null,"M","M","M","M","?","R","M","E"],"character_chosen":"DEFECT","items_purchased":["DataDisk"],"campfire_rested":0,"item_purchase_floors":[10],"current_hp_per_floor":[45,44,36,36,35,35,34,33,33,33,28,28,28,27,27,13,57,43,39,29,34,34,34,32,0],"gold":208,"neow_bonus":"ONE_RARE_RELIC","is_prod":false,"is_daily":false,"chose_seed":false,"campfire_upgraded":4,"win_rate":0,"timestamp":1631774628,"path_taken":["M","M","M","?","M","R","M","E","T","$","E","R","?","E","R","BOSS","M","M","M","M","?","R","M","E"],"build_version":"2020-12-22","purchased_purges":1,"victory":false,"max_hp_per_floor":[71,71,71,71,71,71,71,71,71,71,71,71,71,71,71,71,71,71,71,71,71,71,71,71,71],"relic_stats":{"Bottled Flame":"Beam Cell","Torii":41,"counters":[15,65],"Sundial":[6],"Dead Branch":[13],"CeramicFish":63,"obtain_stats":[{"Bottled Flame":8,"DataDisk":10,"Torii":0,"Sundial":9,"Dead Branch":11,"CeramicFish":14,"Coffee Dripper":17,"Cracked Core":0},{"Bottled Flame":6,"DataDisk":6,"Torii":0,"Sundial":6,"Dead Branch":7,"CeramicFish":8,"Coffee Dripper":9,"Cracked Core":0},{"Bottled Flame":18,"DataDisk":18,"Torii":0,"Sundial":18,"Dead Branch":23,"CeramicFish":26,"Coffee Dripper":36,"Cracked Core":0}]},"card_choices":[{"not_picked":["Reprogram","Reinforced Body"],"picked":"Ball Lightning","floor":1.0},{"not_picked":["Redo","Streamline"],"picked":"Beam Cell","floor":2.0},{"not_picked":["Meteor Strike","Gash"],"picked":"Undo","floor":3.0},{"not_picked":["Gash","Aggregate"],"picked":"Self Repair","floor":5.0},{"not_picked":["Hologram","Meteor Strike"],"picked":"Stack","floor":7.0},{"not_picked":["Beam Cell","Steam"],"picked":"Leap","floor":8.0},{"not_picked":["Steam","Redo"],"picked":"Barrage","floor":11.0},{"not_picked":["Reprogram","Hologram"],"picked":"Lockon","floor":14.0},{"not_picked":["Creative AI","Thunder Strike"],"picked":"Seek","floor":16.0},{"not_picked":["Conserve Battery","Beam Cell"],"picked":"Go for the Eyes+1","floor":18.0},{"not_picked":["Beam Cell+1","Blizzard"],"picked":"Reinforced Body","floor":19.0},{"not_picked":["Turbo","Reinforced Body"],"picked":"Capacitor+1","floor":20.0},{"not_picked":["Stack","Steam+1"],"picked":"Lockon","floor":21},{"not_picked":["Turbo","Hologram"],"picked":"Tempest","floor":24}],"player_experience":633007,"relics_obtained":[{"floor":8.0,"key":"Bottled Flame"},{"floor":9.0,"key":"Sundial"},{"floor":11.0,"key":"Dead Branch"},{"floor":14.0,"key":"CeramicFish"}],"event_choices":[{"damage_healed":0.0,"max_hp_gain":0.0,"max_hp_loss":0.0,"gold_gain":0.0,"event_name":"The Woman in Blue","player_choice":"Bought 1 Potion","floor":4.0,"gold_loss":0.0,"damage_taken":0.0},{"cards_removed":["Defend_B"],"damage_healed":0,"gold_gain":0,"player_choice":"Gave Gold","damage_taken":0,"max_hp_gain":0,"max_hp_loss":0,"event_name":"Beggar","floor":22,"gold_loss":75}],"is_beta":false,"boss_relics":[{"not_picked":["SacredBark","Astrolabe"],"picked":"Coffee Dripper"}],"items_purged_floors":[10],"is_endless":false,"potions_floor_spawned":[1,5,8,19,21],"killed_by":"Slavers","ascension_level":18}