{"gold_per_floor":[110,35,46,46,9,9,38,38,88,88,123,133,133,147,147,224,224,239,239,272,284,104,104],"floor_reached":23,"playtime":1710,"items_purged":["Defend_B","Meteor Strike+1"],"score":374,"play_id":"65e82eef-cdb2-4e24-8fc5-b8e57dc20df2","local_time":"20210916001631","is_ascension_mode":true,"campfire_choices":[{"data":"Beam Cell","floor":6.0,"key":"SMITH"},{"data":"Biased Cognition","floor":8.0,"key":"SMITH"},{"data":"Melter","floor":10.0,"key":"SMITH"},{"floor":13.0,"key":"REST"},{"data":"Sunder","floor":15.0,"key":"SMITH"}],"neow_cost":"NONE","seed_source_timestamp":441425103774796,"circlet_count":0,"master_deck":["AscendersBane","Defend_B","Defend_B","Defend_B","Zap","Dualcast","Conserve Battery","Beam Cell+1","Melter+1","Biased Cognition+1","Sunder+1","Loop+1","Cold Snap","Echo Form+1","Gash+1","Self Repair+1","Self Repair+1","RitualDagger","Turbo","Steam Power"],"special_seed":0,"relics":["Cracked Core","Vajra","Gremlin Horn","Frozen Egg 2","Astrolabe","Red Mask"],"potions_floor_usage":[],"damage_taken":[{"damage":1.0,"enemies":"Cultist","floor":1.0,"turns":3.0},{"damage":0.0,"enemies":"Small Slimes","floor":3.0,"turns":3.0},{"damage":8.0,"enemies":"3 Sentries","floor":7.0,"turns":3.0},{"damage":27.0,"enemies":"Lagavulin","floor":11.0,"turns":4.0},{"damage":0.0,"enemies":"Jaw Worm","floor":12.0,"turns":2.0},{"damage":3.0,"enemies":"3 Louse","floor":14.0,"turns":2.0},{"damage":26.0,"enemies":"The Guardian","floor":16.0,"turns":9.0},{"damage":17.0,"enemies":"3 Byrds","floor":18.0,"turns":8.0},{"damage":41.0,"enemies":"Masked Bandits","floor":20.0,"turns":4.0},{"damage":12.0,"enemies":"Chosen","floor":21.0,"turns":3.0},{"damage":31,"enemies":"Slavers","floor":23,"turns":3}],"seed_played":"3170993839025397528","potions_obtained":[{"floor":3.0,"key":"AttackPotion"},{"floor":12.0,"key":"Block Potion"}],"is_trial":false,"path_per_floor":["M","$","M","?","$","R","E","R","T","R","E","M","R","M","R","B",null,"M","?","?","M","$","E"],"character_chosen":"DEFECT","items_purchased":["Melter","Steam Power"],"campfire_rested":1,"item_purchase_floors":[5,22],"current_hp_per_floor":[63,63,63,56,56,56,48,48,48,48,21,21,42,39,39,13,57,60,54,33,31,31,0],"gold":104,"neow_bonus":"RANDOM_COMMON_RELIC","is_prod":false,"is_daily":false,"chose_seed":false,"campfire_upgraded":4,"win_rate":0,"timestamp":1631776591,"path_taken":["M","?","M","?","$","R","E","R","T","R","E","M","R","M","R","BOSS","M","?","?","M","$","E"],"build_version":"2020-12-22","purchased_purges":2,"victory":false,"max_hp_per_floor":[71,71,71,71,71,71,71,71,71,71,71,71,71,71,71,71,71,71,71,71,71,71,71],"relic_stats":{"Gremlin Horn":[7,7],"counters":[11,44],"Astrolabe":["Gash","Self Repair","Meteor Strike"],"obtain_stats":[{"Gremlin Horn":7,"Astrolabe":17,"Vajra":0,"Red Mask":20,"Frozen Egg 2":11,"Cracked Core":0},{"Gremlin Horn":3,"Astrolabe":7,"Vajra":0,"Red Mask":9,"Frozen Egg 2":4,"Cracked Core":0},{"Gremlin Horn":9,"Astrolabe":26,"Vajra":0,"Red Mask":38,"Frozen Egg 2":13,"Cracked Core":0}]},"card_choices":[{"not_picked":["Leap","Force Field"],"picked":"Conserve Battery","floor":1.0},{"not_picked":["Redo","Turbo"],"picked":"Beam Cell","floor":3.0},{"not_picked":["Beam Cell","Leap"],"picked":"Biased Cognition","floor":7.0},{"not_picked":["Gash","Blizzard"],"picked":"Sunder","floor":11.0},{"not_picked":["Steam","Rebound"],"picked":"Loop+1","floor":12.0},{"not_picked":["Redo","Go for the Eyes"],"picked":"Cold Snap","floor":14.0},{"not_picked":["Rainbow","Creative AI+1"],"picked":"Echo Form+1","floor":16.0},{"not_picked":["Coolheaded","Go for the Eyes"],"picked":"Self Repair+1","floor":18.0},{"not_picked":["Stack","Go for the Eyes"],"picked":"Turbo","floor":21.0}],"player_experience":634964,"relics_obtained":[{"floor":7.0,"key":"Gremlin Horn"},{"floor":11.0,"key":"Frozen Egg 2"},{"floor":20.0,"key":"Red Mask"}],"event_choices":[{"cards_removed":["Strike_B"],"damage_healed":0.0,"max_hp_gain":0.0,"max_hp_loss":0.0,"gold_gain":0.0,"event_name":"Golden Wing","player_choice":"Card Removal","floor":4.0,"gold_loss":0.0,"damage_taken":7.0},{"damage_healed":0.0,"max_hp_gain":0.0,"max_hp_loss":0.0,"gold_gain":0.0,"event_name":"Nest","player_choice":"Joined the Cult","floor":19.0,"gold_loss":0.0,"damage_taken":6.0,"cards_obtained":["RitualDagger"]},{"damage_healed":0.0,"max_hp_gain":0.0,"max_hp_loss":0.0,"gold_gain":0.0,"event_name":"Masked Bandits","player_choice":"Fought Bandits","floor":20.0,"gold_loss":0.0,"damage_taken":0.0}],"is_beta":false,"boss_relics":[{"not_picked":["SacredBark","Empty Cage"],"picked":"Astrolabe"}],"items_purged_floors":[2,22],"is_endless":false,"potions_floor_spawned":[3,12],"killed_by":"Slavers","ascension_level":18}