{"gold_per_floor":[115,40,55,65,81,81,112,112,112,127,141,172,172,207,207,281,281,301,191,201,32,48,48,76,87,87,114,126,153,153,153,153,227,227,241,260,260,160,175,175,175],"floor_reached":41,"playtime":3903,"items_purged":["Decay","Strike_B"],"score":1184,"play_id":"1f0bef10-0be2-4ab4-a9a5-922a1e64e475","local_time":"20210922015930","is_ascension_mode":true,"campfire_choices":[{"data":"Sweeping Beam","floor":6.0,"key":"SMITH"},{"data":"Hyperbeam","floor":8.0,"key":"SMITH"},{"data":"Defragment","floor":15.0,"key":"SMITH"},{"data":"Reinforced Body","floor":23.0,"key":"SMITH"},{"floor":30.0,"key":"REST"},{"data":"Ghostly","floor":32.0,"key":"SMITH"},{"floor":40,"key":"REST"}],"neow_cost":"CURSE","seed_source_timestamp":639439402955664,"circlet_count":0,"master_deck":["AscendersBane","Strike_B+1","Defend_B","Defend_B","Zap","Dualcast","Sweeping Beam+1","Coolheaded","Ball Lightning","Conserve Battery","Hyperbeam+1","Reinforced Body+1","Defragment+1","Capacitor","Tempest","Seek","Hologram+1","Defragment+1","Multi-Cast+1","Leap","Coolheaded","Go for the Eyes+1","Coolheaded","Thunder Strike","Ghostly+1","Ghostly","Ghostly","Amplify","Self Repair","Secret Technique","Steam Power"],"special_seed":0,"relics":["Cracked Core","FossilizedHelix","StoneCalendar","Letter Opener","Cables","Art of War","Astrolabe","Chemical X","Sundial","Singing Bowl","Vajra","Velvet Choker"],"potions_floor_usage":[41],"damage_taken":[{"damage":1.0,"enemies":"Cultist","floor":1.0,"turns":4.0},{"damage":0.0,"enemies":"2 Louse","floor":3.0,"turns":2.0},{"damage":0.0,"enemies":"Small Slimes","floor":4.0,"turns":2.0},{"damage":15.0,"enemies":"3 Louse","floor":5.0,"turns":3.0},{"damage":6.0,"enemies":"Lagavulin","floor":7.0,"turns":7.0},{"damage":0.0,"enemies":"Blue Slaver","floor":10.0,"turns":2.0},{"damage":0.0,"enemies":"Large Slime","floor":11.0,"turns":4.0},{"damage":0.0,"enemies":"3 Sentries","floor":12.0,"turns":3.0},{"damage":0.0,"enemies":"Gremlin Nob","floor":14.0,"turns":4.0},{"damage":0.0,"enemies":"Slime Boss","floor":16.0,"turns":7.0},{"damage":0.0,"enemies":"2 Thieves","floor":18.0,"turns":1.0},{"damage":6.0,"enemies":"3 Byrds","floor":20.0,"turns":4.0},{"damage":12.0,"enemies":"3 Cultists","floor":22.0,"turns":4.0},{"damage":0.0,"enemies":"Slavers","floor":24.0,"turns":3.0},{"damage":0.0,"enemies":"Snecko","floor":25.0,"turns":4.0},{"damage":0.0,"enemies":"Book of Stabbing","floor":27.0,"turns":4.0},{"damage":15.0,"enemies":"Shelled Parasite and Fungi","floor":28.0,"turns":5.0},{"damage":24.0,"enemies":"Slavers","floor":29.0,"turns":5.0},{"damage":28.0,"enemies":"Champ","floor":33.0,"turns":8.0},{"damage":13.0,"enemies":"3 Shapes","floor":35.0,"turns":2.0},{"damage":0.0,"enemies":"3 Darklings","floor":36.0,"turns":4.0},{"damage":9,"enemies":"4 Shapes","floor":39,"turns":3},{"damage":38,"enemies":"Reptomancer","floor":41,"turns":5}],"seed_played":"1463177195632348334","potions_obtained":[{"floor":4.0,"key":"SteroidPotion"},{"floor":7.0,"key":"DuplicationPotion"},{"floor":12.0,"key":"Block Potion"},{"floor":14.0,"key":"Strength Potion"},{"floor":18.0,"key":"SpeedPotion"},{"floor":24.0,"key":"FearPotion"},{"floor":25.0,"key":"PowerPotion"},{"floor":39,"key":"Block Potion"}],"is_trial":false,"path_per_floor":["M","$","M","M","M","R","E","R","T","M","M","E","?","E","R","B",null,"M","?","M","$","M","R","E","M","T","E","M","E","R","?","R","B",null,"M","M","?","$","M","R","E"],"character_chosen":"DEFECT","items_purchased":["Chemical X"],"campfire_rested":2,"item_purchase_floors":[21],"current_hp_per_floor":[63,63,63,63,48,48,42,42,42,42,42,42,42,42,42,42,64,64,64,58,58,46,46,46,46,46,46,33,9,30,30,30,2,28,17,17,11,11,2,14,0],"gold":175,"neow_bonus":"ONE_RARE_RELIC","is_prod":false,"is_daily":false,"chose_seed":false,"campfire_upgraded":5,"win_rate":0,"timestamp":1632301170,"path_taken":["M","$","M","M","?","R","E","R","T","M","M","E","?","E","R","BOSS","M","?","M","$","M","R","E","?","T","E","M","E","R","?","R","BOSS","M","M","?","$","M","R","E"],"build_version":"2020-12-22","purchased_purges":2,"victory":false,"max_hp_per_floor":[71,71,71,71,71,71,71,71,71,71,71,71,71,71,71,71,71,71,71,71,71,71,71,71,71,71,71,73,73,73,36,36,36,36,38,38,42,42,42,42,42],"relic_stats":{"Singing Bowl":8,"counters":[23,90],"Sundial":[2],"Astrolabe":["Hologram","Defragment","Multi-Cast"],"StoneCalendar":[60],"Art of War":[17],"Letter Opener":[190],"Chemical X":[33],"obtain_stats":[{"Singing Bowl":27,"Sundial":24,"Astrolabe":17,"Vajra":29,"Velvet Choker":34,"StoneCalendar":7,"Art of War":14,"Letter Opener":9,"Chemical X":21,"Cracked Core":0,"FossilizedHelix":0,"Cables":12},{"Singing Bowl":16,"Sundial":14,"Astrolabe":10,"Vajra":18,"Velvet Choker":19,"StoneCalendar":5,"Art of War":9,"Letter Opener":5,"Chemical X":12,"Cracked Core":0,"FossilizedHelix":0,"Cables":8},{"Singing Bowl":58,"Sundial":50,"Astrolabe":38,"Vajra":68,"Velvet Choker":76,"StoneCalendar":18,"Art of War":31,"Letter Opener":18,"Chemical X":43,"Cracked Core":0,"FossilizedHelix":0,"Cables":27}],"FossilizedHelix":[169],"Cables":[48,37,11,0,0]},"card_choices":[{"not_picked":["Stack","Reinforced Body"],"picked":"Sweeping Beam","floor":1.0},{"not_picked":["Compile Driver","Melter"],"picked":"Coolheaded","floor":3.0},{"not_picked":["Blizzard","Hologram"],"picked":"Ball Lightning","floor":4.0},{"not_picked":["Reprogram","Gash"],"picked":"Conserve Battery","floor":5.0},{"not_picked":["Steam Power","Cold Snap"],"picked":"Hyperbeam","floor":7.0},{"not_picked":["Stack","Melter"],"picked":"Reinforced Body","floor":10.0},{"not_picked":["Coolheaded","Reprogram"],"picked":"Defragment","floor":11.0},{"not_picked":["Undo","Blizzard"],"picked":"Capacitor","floor":12.0},{"not_picked":["Barrage","Go for the Eyes"],"picked":"Tempest","floor":14.0},{"not_picked":["Meteor Strike","Reboot"],"picked":"Seek","floor":16.0},{"not_picked":["Rebound","Static Discharge"],"picked":"Leap","floor":18.0},{"not_picked":["Go for the Eyes","Hologram","Gash"],"picked":"SKIP","floor":20.0},{"not_picked":["Static Discharge+1","Compile Driver","Hologram"],"picked":"SKIP","floor":22.0},{"not_picked":["Heatsinks","Gash"],"picked":"Coolheaded","floor":24.0},{"not_picked":["Creative AI","Ball Lightning"],"picked":"Go for the Eyes+1","floor":25.0},{"not_picked":["Heatsinks","White Noise"],"picked":"Coolheaded","floor":27.0},{"not_picked":["Hologram","Coolheaded","Double Energy"],"picked":"Singing Bowl","floor":28.0},{"not_picked":["Ball Lightning","Beam Cell+1"],"picked":"Thunder Strike","floor":29.0},{"not_picked":["Fission","Reboot"],"picked":"Amplify","floor":33.0},{"not_picked":["Genetic Algorithm","Blizzard","Go for the Eyes"],"picked":"Singing Bowl","floor":35.0},{"not_picked":["Hello World+1","Cold Snap"],"picked":"Self Repair","floor":36.0},{"not_picked":["Forethought","Panacea"],"picked":"Secret Technique","floor":37},{"not_picked":["Trip","Flash of Steel","Thinking Ahead"],"picked":"Singing Bowl","floor":37},{"not_picked":["Forethought","Madness","Mayhem"],"picked":"Singing Bowl","floor":37},{"not_picked":["Redo","Sweeping Beam"],"picked":"Steam Power","floor":39}],"player_experience":636674,"relics_obtained":[{"floor":7.0,"key":"StoneCalendar"},{"floor":9.0,"key":"Letter Opener"},{"floor":12.0,"key":"Cables"},{"floor":14.0,"key":"Art of War"},{"floor":24.0,"key":"Sundial"},{"floor":27.0,"key":"Singing Bowl"},{"floor":29.0,"key":"Vajra"}],"event_choices":[{"damage_healed":0.0,"max_hp_gain":0.0,"max_hp_loss":0.0,"gold_gain":0.0,"event_name":"Liars Game","player_choice":"Ignored","floor":13.0,"gold_loss":0.0,"damage_taken":0.0},{"cards_removed":["Defend_B"],"damage_healed":0.0,"max_hp_gain":0.0,"max_hp_loss":0.0,"gold_gain":0.0,"event_name":"Designer","player_choice":"Upgrade and Remove","floor":19.0,"gold_loss":110.0,"damage_taken":0.0,"cards_upgraded":["Strike_B"]},{"damage_healed":0.0,"max_hp_gain":0.0,"max_hp_loss":37.0,"gold_gain":0.0,"event_name":"Ghosts","player_choice":"Became a Ghost","floor":31.0,"gold_loss":0.0,"damage_taken":0.0,"cards_obtained":["Ghostly","Ghostly","Ghostly"]},{"damage_healed":0,"gold_gain":0,"player_choice":"Memory 3","damage_taken":10,"max_hp_gain":0,"max_hp_loss":0,"event_name":"SensoryStone","floor":37,"gold_loss":0}],"is_beta":false,"boss_relics":[{"not_picked":["Inserter","SacredBark"],"picked":"Astrolabe"},{"not_picked":["Fusion Hammer","FrozenCore"],"picked":"Velvet Choker"}],"items_purged_floors":[2,38],"is_endless":false,"potions_floor_spawned":[4,7,12,14,16,18,24,25,39],"killed_by":"Reptomancer","ascension_level":18}