{"gold_per_floor":[113,125,125,137,147,172,172],"floor_reached":7,"playtime":785,"items_purged":[],"score":103,"play_id":"142bd0d8-d7bf-4b8b-9b3b-cacc7ee31a71","local_time":"20211008181608","is_ascension_mode":true,"campfire_choices":[],"neow_cost":"NONE","seed_source_timestamp":0,"circlet_count":0,"master_deck":["AscendersBane","Strike_B","Strike_B","Strike_B","Defend_B","Defend_B","Zap","Dualcast","Core Surge+1","Loop+1","Force Field+1","Sweeping Beam","Loop","Conserve Battery","Machine Learning","Reboot"],"special_seed":0,"relics":["Astrolabe","Shovel","Centennial Puzzle"],"potions_floor_usage":[],"damage_taken":[{"damage":6.0,"enemies":"Cultist","floor":1.0,"turns":3.0},{"damage":12.0,"enemies":"Jaw Worm","floor":2.0,"turns":3.0},{"damage":5.0,"enemies":"Small Slimes","floor":4.0,"turns":4.0},{"damage":10,"enemies":"Looter","floor":5,"turns":4},{"damage":30,"enemies":"Gremlin Nob","floor":6,"turns":5},{"damage":18,"enemies":"Large Slime","floor":7,"turns":2}],"seed_played":"-1532523767617066152","potions_obtained":[{"floor":6,"key":"FearPotion"}],"is_trial":false,"path_per_floor":["M","M","T","M","M","E","M"],"character_chosen":"DEFECT","items_purchased":[],"campfire_rested":0,"item_purchase_floors":[],"current_hp_per_floor":[58,46,46,41,31,1,0],"gold":172,"neow_bonus":"BOSS_RELIC","is_prod":false,"is_daily":false,"chose_seed":false,"campfire_upgraded":0,"win_rate":0,"timestamp":1633742168,"path_taken":["M","M","?","M","M","E","M"],"build_version":"2020-12-22","purchased_purges":0,"victory":false,"max_hp_per_floor":[71,71,71,71,71,71,71],"relic_stats":{"Centennial Puzzle":[0],"Shovel":0,"counters":[6,21],"Astrolabe":["Core Surge","Loop","Force Field"],"obtain_stats":[{"Centennial Puzzle":6,"Shovel":3,"Astrolabe":0,"Cracked Core":0},{"Centennial Puzzle":5,"Shovel":2,"Astrolabe":0,"Cracked Core":0},{"Centennial Puzzle":19,"Shovel":6,"Astrolabe":0,"Cracked Core":0}]},"card_choices":[{"not_picked":["Turbo","Beam Cell"],"picked":"Sweeping Beam","floor":1.0},{"not_picked":["Scrape","Stack"],"picked":"Loop","floor":2.0},{"not_picked":["Go for the Eyes","Turbo"],"picked":"Conserve Battery","floor":4.0},{"not_picked":["Ball Lightning","Stack"],"picked":"Machine Learning","floor":5},{"not_picked":["Leap","Conserve Battery"],"picked":"Reboot","floor":6}],"player_experience":661293,"relics_obtained":[{"floor":3.0,"key":"Shovel"},{"floor":6,"key":"Centennial Puzzle"}],"event_choices":[],"is_beta":false,"boss_relics":[],"items_purged_floors":[],"is_endless":false,"potions_floor_spawned":[6],"killed_by":"Large Slime","ascension_level":19}