{"gold_per_floor":[114,114,130,147,157,171,171,9,9,21,21,53,71,99,99,99],"floor_reached":16,"playtime":1298,"items_purged":["Strike_B"],"score":271,"play_id":"214446ec-8743-49e4-9cf9-7da6d04a3a1d","local_time":"20211008184112","is_ascension_mode":true,"campfire_choices":[{"floor":7.0,"key":"DIG"},{"floor":11.0,"key":"DIG"},{"floor":15.0,"key":"DIG"}],"neow_cost":"PERCENT_DAMAGE","seed_source_timestamp":590002722464473,"circlet_count":0,"master_deck":["AscendersBane","Strike_B","Strike_B","Strike_B","Defend_B","Defend_B","Defend_B","Zap","Dualcast","Ball Lightning","Sweeping Beam","Go for the Eyes","Skim","Glacier","Self Repair","Coolheaded","Static Discharge","Undo"],"special_seed":0,"relics":["Cracked Core","Shovel","Mummified Hand","Prayer Wheel","CaptainsWheel","Oddly Smooth Stone","Ornamental Fan","Symbiotic Virus"],"potions_floor_usage":[16],"damage_taken":[{"damage":0.0,"enemies":"2 Louse","floor":1.0,"turns":3.0},{"damage":1.0,"enemies":"Cultist","floor":3.0,"turns":3.0},{"damage":5.0,"enemies":"Small Slimes","floor":4.0,"turns":3.0},{"damage":8.0,"enemies":"Exordium Wildlife","floor":5.0,"turns":3.0},{"damage":16.0,"enemies":"Lots of Slimes","floor":6.0,"turns":4.0},{"damage":12.0,"enemies":"2 Fungi Beasts","floor":10.0,"turns":3.0},{"damage":0.0,"enemies":"Gremlin Nob","floor":12.0,"turns":5.0},{"damage":7.0,"enemies":"Exordium Thugs","floor":13.0,"turns":4.0},{"damage":10.0,"enemies":"3 Sentries","floor":14.0,"turns":9.0},{"damage":15,"enemies":"Hexaghost","floor":16,"turns":9}],"seed_played":"-4750866981391775463","potions_obtained":[{"floor":3.0,"key":"GamblersBrew"},{"floor":10.0,"key":"PowerPotion"},{"floor":13.0,"key":"Block Potion"},{"floor":14.0,"key":"SteroidPotion"}],"is_trial":false,"path_per_floor":["M","?","M","M","M","M","R","$","T","M","R","E","M","E","R","B"],"character_chosen":"DEFECT","items_purchased":["Self Repair"],"campfire_rested":0,"item_purchase_floors":[8],"current_hp_per_floor":[46,46,45,40,32,16,16,16,16,11,11,18,18,15,15,0],"gold":99,"neow_bonus":"ONE_RARE_RELIC","is_prod":false,"is_daily":false,"chose_seed":false,"campfire_upgraded":0,"win_rate":0,"timestamp":1633743672,"path_taken":["M","?","M","?","?","M","R","?","T","M","R","E","M","E","R","BOSS"],"build_version":"2020-12-22","purchased_purges":1,"victory":false,"max_hp_per_floor":[71,71,71,71,71,71,71,71,71,71,71,71,71,71,71,71],"relic_stats":{"Shovel":3,"counters":[10,46],"Mummified Hand":[10],"Ornamental Fan":[8],"Prayer Wheel":2,"obtain_stats":[{"CaptainsWheel":11,"Shovel":0,"Mummified Hand":7,"Ornamental Fan":14,"Oddly Smooth Stone":12,"Prayer Wheel":9,"Cracked Core":0,"Symbiotic Virus":15},{"CaptainsWheel":6,"Shovel":0,"Mummified Hand":5,"Ornamental Fan":9,"Oddly Smooth Stone":7,"Prayer Wheel":5,"Cracked Core":0,"Symbiotic Virus":9},{"CaptainsWheel":19,"Shovel":0,"Mummified Hand":16,"Ornamental Fan":37,"Oddly Smooth Stone":24,"Prayer Wheel":16,"Cracked Core":0,"Symbiotic Virus":37}]},"card_choices":[{"not_picked":["Go for the Eyes","Conserve Battery"],"picked":"Ball Lightning","floor":1.0},{"not_picked":["Compile Driver","Scrape"],"picked":"Sweeping Beam","floor":3.0},{"not_picked":["Doom and Gloom","Storm"],"picked":"Go for the Eyes","floor":4.0},{"not_picked":["Storm","Aggregate"],"picked":"Skim","floor":5.0},{"not_picked":["Auto Shields","Defragment"],"picked":"Glacier","floor":6.0},{"not_picked":["Rebound","Steam"],"picked":"Coolheaded","floor":10.0},{"not_picked":["Compile Driver","Sweeping Beam","Streamline"],"picked":"SKIP","floor":10.0},{"not_picked":["Heatsinks","Hyperbeam","Chaos"],"picked":"SKIP","floor":12.0},{"not_picked":["Sweeping Beam","Glacier"],"picked":"Static Discharge","floor":13.0},{"not_picked":["Steam","Gash","Barrage"],"picked":"SKIP","floor":13.0},{"not_picked":["Hologram","Multi-Cast"],"picked":"Undo","floor":14.0}],"player_experience":662078,"relics_obtained":[{"floor":7.0,"key":"Mummified Hand"},{"floor":9.0,"key":"Prayer Wheel"},{"floor":11.0,"key":"CaptainsWheel"},{"floor":12.0,"key":"Oddly Smooth Stone"},{"floor":14.0,"key":"Ornamental Fan"},{"floor":15.0,"key":"Symbiotic Virus"}],"event_choices":[{"cards_removed":["Defend_B"],"damage_healed":0.0,"max_hp_gain":0.0,"max_hp_loss":0.0,"gold_gain":0.0,"event_name":"Bonfire Elementals","player_choice":"Offered Basic","floor":2.0,"gold_loss":0.0,"damage_taken":0.0}],"is_beta":false,"boss_relics":[],"items_purged_floors":[8],"is_endless":false,"potions_floor_spawned":[3,10,13,14],"killed_by":"Hexaghost","ascension_level":19}