{"gold_per_floor":[109,119,138,158,158,158,158,176,228,254,21,38,71,84,84,84],"floor_reached":16,"playtime":1125,"items_purged":["Pain"],"score":217,"play_id":"acf0113e-2305-4ba2-99f4-de50abef8722","local_time":"20211007063306","is_ascension_mode":true,"campfire_choices":[{"data":"Sweeping Beam","floor":7.0,"key":"SMITH"},{"floor":15.0,"key":"REST"}],"neow_cost":"TEN_PERCENT_HP_LOSS","seed_source_timestamp":522868368408563,"circlet_count":0,"master_deck":["AscendersBane","Strike_B","Strike_B","Strike_B","Strike_B","Defend_B","Defend_B","Defend_B","Defend_B","Zap","Dualcast","Thinking Ahead","Coolheaded","Sweeping Beam+1","Cold Snap","Reinforced Body","Electrodynamics","White Noise","BootSequence","Lockon"],"special_seed":0,"relics":["Cracked Core","WarpedTongs","Art of War","StrikeDummy","PreservedInsect"],"potions_floor_usage":[16],"damage_taken":[{"damage":1.0,"enemies":"Cultist","floor":1.0,"turns":3.0},{"damage":0.0,"enemies":"Jaw Worm","floor":2.0,"turns":5.0},{"damage":3.0,"enemies":"Small Slimes","floor":3.0,"turns":4.0},{"damage":4.0,"enemies":"3 Louse","floor":4.0,"turns":4.0},{"damage":12.0,"enemies":"Large Slime","floor":8.0,"turns":4.0},{"damage":27.0,"enemies":"Lagavulin","floor":10.0,"turns":7.0},{"damage":1.0,"enemies":"Blue Slaver","floor":12.0,"turns":3.0},{"damage":14.0,"enemies":"3 Sentries","floor":13.0,"turns":4.0},{"damage":0.0,"enemies":"Exordium Wildlife","floor":14.0,"turns":2.0},{"damage":5,"enemies":"Hexaghost","floor":16,"turns":9}],"seed_played":"4543344229181535310","potions_obtained":[{"floor":1.0,"key":"LiquidBronze"},{"floor":4.0,"key":"PotionOfCapacity"},{"floor":10.0,"key":"Strength Potion"},{"floor":13.0,"key":"SteroidPotion"}],"is_trial":false,"path_per_floor":["M","M","M","M","?","?","R","M","T","E","$","M","E","M","R","B"],"character_chosen":"DEFECT","items_purchased":["Electrodynamics"],"campfire_rested":1,"item_purchase_floors":[11],"current_hp_per_floor":[63,63,60,56,56,56,56,44,44,17,17,16,2,2,21,16],"gold":84,"neow_bonus":"RANDOM_COLORLESS_2","is_prod":false,"is_daily":false,"chose_seed":false,"campfire_upgraded":1,"win_rate":0,"timestamp":1633613586,"path_taken":["M","M","M","M","?","?","R","?","T","E","$","M","E","M","R","BOSS"],"build_version":"2020-12-22","purchased_purges":1,"victory":false,"max_hp_per_floor":[64,64,64,64,64,64,64,64,64,64,64,64,64,64,64,64],"relic_stats":{"counters":[10,45],"PreservedInsect":0,"Art of War":[6],"obtain_stats":[{"PreservedInsect":13,"Art of War":9,"Cracked Core":0,"StrikeDummy":10,"WarpedTongs":6},{"PreservedInsect":8,"Art of War":5,"Cracked Core":0,"StrikeDummy":6,"WarpedTongs":4},{"PreservedInsect":34,"Art of War":20,"Cracked Core":0,"StrikeDummy":27,"WarpedTongs":16}],"WarpedTongs":[29]},"card_choices":[{"not_picked":["Violence","Panache"],"picked":"Thinking Ahead","floor":0.0},{"not_picked":["Turbo","Auto Shields"],"picked":"Coolheaded","floor":1.0},{"not_picked":["Capacitor","Stack"],"picked":"Sweeping Beam","floor":2.0},{"not_picked":["Barrage","Genetic Algorithm"],"picked":"Cold Snap","floor":3.0},{"not_picked":["Static Discharge","Streamline","Redo"],"picked":"SKIP","floor":4.0},{"not_picked":["Hello World","Gash","Double Energy"],"picked":"SKIP","floor":8.0},{"not_picked":["FTL","Auto Shields"],"picked":"Reinforced Body","floor":10.0},{"not_picked":["Darkness","All For One"],"picked":"White Noise","floor":12.0},{"not_picked":["Rebound","White Noise"],"picked":"BootSequence","floor":13.0},{"not_picked":["Melter","Static Discharge"],"picked":"Lockon","floor":14.0}],"player_experience":654762,"relics_obtained":[{"floor":9.0,"key":"Art of War"},{"floor":10.0,"key":"StrikeDummy"},{"floor":13.0,"key":"PreservedInsect"}],"event_choices":[{"damage_healed":0.0,"max_hp_gain":0.0,"max_hp_loss":0.0,"gold_gain":0.0,"event_name":"Scrap Ooze","player_choice":"Fled","floor":5.0,"gold_loss":0.0,"damage_taken":0.0},{"damage_healed":0.0,"max_hp_gain":0.0,"max_hp_loss":0.0,"gold_gain":0.0,"event_name":"Accursed Blacksmith","player_choice":"Rummage","floor":6.0,"gold_loss":0.0,"damage_taken":0.0,"relics_obtained":["WarpedTongs"],"cards_obtained":["Pain"]}],"is_beta":false,"boss_relics":[],"items_purged_floors":[11],"is_endless":false,"potions_floor_spawned":[1,4,10,13],"killed_by":"Hexaghost","ascension_level":18}