{"gold_per_floor":[209,228,228,244,259,291,291,49,49,49,76,107,137,161,161,235,235,251,265,291,308,324,358,358,385,466,486,353,386,46,46,46,120,120,131,68,68,68,94,136,158,201,213,242,254,294,306,331,343,355,367,379,5,30,30],"floor_reached":56,"playtime":5406,"items_purged":["Strike_B","Strike_B","Defend_B","Strike_B"],"score":2361,"play_id":"c8fc3c0d-66d4-4b7c-bd12-ac9fc5d16e7e","local_time":"20211008061541","is_ascension_mode":true,"campfire_choices":[{"data":"Zap","floor":7.0,"key":"SMITH"},{"data":"Defragment","floor":10.0,"key":"SMITH"},{"floor":15.0,"key":"REST"},{"data":"Loop","floor":24.0,"key":"SMITH"},{"floor":32.0,"key":"REST"},{"data":"Defragment","floor":45.0,"key":"SMITH"},{"floor":47.0,"key":"RECALL"},{"data":"Thunder Strike","floor":49.0,"key":"SMITH"},{"data":"Go for the Eyes","floor":52.0,"key":"SMITH"}],"neow_cost":"NONE","seed_source_timestamp":563527630372425,"circlet_count":0,"master_deck":["AscendersBane","Strike_B","Defend_B","Defend_B","Zap+1","Dualcast","Ball Lightning","Glacier","Genetic Algorithm","Go for the Eyes+1","Ball Lightning","Reboot","Defragment+1","Loop+1","Machine Learning","Cold Snap","Machine Learning","Capacitor+1","Coolheaded","Self Repair","Electrodynamics","Reboot","Echo Form","Coolheaded","Master of Strategy","Mayhem","Impatience","Defragment+1","Thunder Strike+1","Aggregate+1","Coolheaded+1"],"special_seed":0,"relics":["Cracked Core","WingedGreaves","Art of War","Mercury Hourglass","Mummified Hand","Potion Belt","Odd Mushroom","Nuclear Battery","Red Mask","Bird Faced Urn","Blood Vial","Question Card","Ice Cream","Membership Card","Inserter","MawBank","Orichalcum","Toxic Egg 2","Emotion Chip","Eternal Feather","CaptainsWheel","TheAbacus","Boot"],"potions_floor_usage":[55,55,55,55],"damage_taken":[{"damage":2.0,"enemies":"Jaw Worm","floor":1.0,"turns":3.0},{"damage":0.0,"enemies":"Small Slimes","floor":2.0,"turns":2.0},{"damage":1.0,"enemies":"2 Louse","floor":4.0,"turns":4.0},{"damage":11.0,"enemies":"Large Slime","floor":5.0,"turns":7.0},{"damage":6.0,"enemies":"Gremlin Nob","floor":6.0,"turns":3.0},{"damage":25.0,"enemies":"3 Sentries","floor":11.0,"turns":5.0},{"damage":3.0,"enemies":"Gremlin Nob","floor":12.0,"turns":3.0},{"damage":2.0,"enemies":"3 Sentries","floor":13.0,"turns":4.0},{"damage":2.0,"enemies":"The Mushroom Lair","floor":14.0,"turns":3.0},{"damage":0.0,"enemies":"Slime Boss","floor":16.0,"turns":6.0},{"damage":7.0,"enemies":"2 Thieves","floor":18.0,"turns":4.0},{"damage":0.0,"enemies":"Shell Parasite","floor":19.0,"turns":4.0},{"damage":2.0,"enemies":"Masked Bandits","floor":20.0,"turns":4.0},{"damage":2.0,"enemies":"Centurion and Healer","floor":21.0,"turns":7.0},{"damage":7.0,"enemies":"Snecko","floor":22.0,"turns":6.0},{"damage":15.0,"enemies":"Gremlin Leader","floor":23.0,"turns":5.0},{"damage":28.0,"enemies":"Book of Stabbing","floor":25.0,"turns":6.0},{"damage":8.0,"enemies":"3 Cultists","floor":27.0,"turns":5.0},{"damage":27.0,"enemies":"Gremlin Leader","floor":29.0,"turns":8.0},{"damage":0.0,"enemies":"Automaton","floor":33.0,"turns":9.0},{"damage":5.0,"enemies":"Orb Walker","floor":35.0,"turns":4.0},{"damage":14.0,"enemies":"3 Darklings","floor":39.0,"turns":3.0},{"damage":10.0,"enemies":"Giant Head","floor":40.0,"turns":8.0},{"damage":0.0,"enemies":"Maw","floor":41.0,"turns":6.0},{"damage":4.0,"enemies":"Nemesis","floor":42.0,"turns":9.0},{"damage":10.0,"enemies":"Sphere and 2 Shapes","floor":44.0,"turns":3.0},{"damage":1.0,"enemies":"Giant Head","floor":46.0,"turns":7.0},{"damage":5.0,"enemies":"Spire Growth","floor":48.0,"turns":5.0},{"damage":13.0,"enemies":"Time Eater","floor":50.0,"turns":8.0},{"damage":38.0,"enemies":"Shield and Spear","floor":54.0,"turns":9.0},{"damage":14,"enemies":"The Heart","floor":55,"turns":9}],"seed_played":"6267077324889489122","potions_obtained":[{"floor":2.0,"key":"Fire Potion"},{"floor":12.0,"key":"SkillPotion"},{"floor":13.0,"key":"Energy Potion"},{"floor":16.0,"key":"Fruit Juice"},{"floor":19.0,"key":"LiquidBronze"},{"floor":20.0,"key":"Ancient Potion"},{"floor":22.0,"key":"Swift Potion"},{"floor":27.0,"key":"Explosive Potion"},{"floor":33.0,"key":"Explosive Potion"},{"floor":35.0,"key":"DistilledChaos"},{"floor":44.0,"key":"Weak Potion"},{"floor":48.0,"key":"PotionOfCapacity"},{"floor":54.0,"key":"Weak Potion"}],"is_trial":false,"path_per_floor":["M","M","?","M","M","E","R","$","T","R","E","E","E","?","R","B",null,"M","M","?","M","M","E","R","E","T","M","$","E","$","?","R","B",null,"M","$","?","T","M","E","M","E","T","M","R","E","R","M","R","B",null,"R","$","E","B",null],"character_chosen":"DEFECT","items_purchased":["Defragment","Art of War","Coolheaded","Membership Card","Electrodynamics","Reboot","DuplicationPotion","CaptainsWheel","TheAbacus","Coolheaded+1"],"campfire_rested":2,"item_purchase_floors":[8,8,28,30,30,30,53,53,53,53],"current_hp_per_floor":[62,62,62,61,50,44,44,44,44,44,19,16,14,12,33,33,62,60,60,58,56,49,34,34,14,14,18,18,3,3,3,25,48,69,76,76,66,66,68,75,76,76,76,76,76,76,76,76,76,74,76,76,76,70,76],"gold":30,"neow_bonus":"HUNDRED_GOLD","is_prod":false,"is_daily":false,"chose_seed":false,"campfire_upgraded":6,"win_rate":0,"timestamp":1633698941,"path_taken":["M","M","?","M","M","E","R","$","T","R","E","E","E","?","R","BOSS","M","M","?","M","M","E","R","E","T","M","$","E","$","?","R","BOSS","M","?","?","?","M","E","M","E","T","M","R","E","R","M","R","BOSS","R","$","E","BOSS"],"build_version":"2020-12-22","purchased_purges":4,"victory":true,"max_hp_per_floor":[71,71,71,71,71,71,71,71,71,71,71,71,71,71,71,71,71,76,76,76,76,76,76,76,76,76,76,76,76,76,76,76,76,76,76,76,76,76,76,76,76,76,76,76,76,76,76,76,76,76,76,76,76,76,76],"relic_stats":{"Ice Cream":[199],"Inserter":[28],"counters":[31,167],"Eternal Feather":0,"Orichalcum":[60],"Question Card":15,"MawBank":180,"Boot":[4],"Mercury Hourglass":[570],"Blood Vial":15,"Emotion Chip":[51,22,26,0,3],"TheAbacus":[60],"Mummified Hand":[178],"Bird Faced Urn":[124],"WingedGreaves":3,"Art of War":[19],"Membership Card":624,"obtain_stats":[{"Potion Belt":13,"Ice Cream":29,"Inserter":34,"Eternal Feather":46,"Odd Mushroom":14,"Orichalcum":40,"Question Card":26,"MawBank":38,"Boot":54,"Mercury Hourglass":11,"Nuclear Battery":17,"Blood Vial":25,"Emotion Chip":43,"CaptainsWheel":53,"TheAbacus":53,"Mummified Hand":12,"Bird Faced Urn":23,"WingedGreaves":6,"Art of War":8,"Red Mask":20,"Membership Card":30,"Toxic Egg 2":42,"Cracked Core":0},{"Potion Belt":8,"Ice Cream":19,"Inserter":20,"Eternal Feather":27,"Odd Mushroom":9,"Orichalcum":23,"Question Card":17,"MawBank":21,"Boot":30,"Mercury Hourglass":6,"Nuclear Battery":10,"Blood Vial":17,"Emotion Chip":25,"CaptainsWheel":29,"TheAbacus":29,"Mummified Hand":7,"Bird Faced Urn":16,"WingedGreaves":5,"Art of War":5,"Red Mask":13,"Membership Card":19,"Toxic Egg 2":25,"Cracked Core":0},{"Potion Belt":31,"Ice Cream":88,"Inserter":97,"Eternal Feather":136,"Odd Mushroom":34,"Orichalcum":112,"Question Card":76,"MawBank":101,"Boot":158,"Mercury Hourglass":24,"Nuclear Battery":40,"Blood Vial":76,"Emotion Chip":126,"CaptainsWheel":149,"TheAbacus":149,"Mummified Hand":27,"Bird Faced Urn":70,"WingedGreaves":19,"Art of War":19,"Red Mask":52,"Membership Card":88,"Toxic Egg 2":126,"Cracked Core":0}]},"card_choices":[{"not_picked":["Blizzard","Turbo"],"picked":"Ball Lightning","floor":1.0},{"not_picked":["Auto Shields","Stack"],"picked":"Glacier","floor":2.0},{"not_picked":["Redo","Compile Driver"],"picked":"Go for the Eyes","floor":4.0},{"not_picked":["Compile Driver","Genetic Algorithm"],"picked":"Ball Lightning","floor":5.0},{"not_picked":["Hologram","Go for the Eyes"],"picked":"Reboot","floor":6.0},{"not_picked":["Ball Lightning","Melter","Fusion"],"picked":"SKIP","floor":11.0},{"not_picked":["Redo","Stack","Compile Driver"],"picked":"SKIP","floor":12.0},{"not_picked":["Lockon","Heatsinks"],"picked":"Loop","floor":13.0},{"not_picked":["Fission","Creative AI"],"picked":"Machine Learning","floor":16.0},{"not_picked":["Barrage","Static Discharge","Streamline+1"],"picked":"SKIP","floor":18.0},{"not_picked":["Go for the Eyes","Ball Lightning"],"picked":"Cold Snap","floor":19.0},{"not_picked":["Steam","Conserve Battery","Hologram"],"picked":"SKIP","floor":21.0},{"not_picked":["Streamline","Compile Driver","Barrage"],"picked":"SKIP","floor":22.0},{"not_picked":["Conserve Battery","Force Field"],"picked":"Machine Learning","floor":23.0},{"not_picked":["Force Field","Gash"],"picked":"Capacitor","floor":25.0},{"not_picked":["Storm","Turbo","Compile Driver","Go for the Eyes"],"picked":"SKIP","floor":27.0},{"not_picked":["Defragment","Turbo","Redo+1"],"picked":"Self Repair","floor":29.0},{"not_picked":["Thunder Strike","Reboot","Rainbow"],"picked":"Echo Form","floor":33.0},{"not_picked":["Tempest+1","BootSequence+1","Static Discharge"],"picked":"Coolheaded","floor":35.0},{"not_picked":["Forethought","Finesse","Trip"],"picked":"Master of Strategy","floor":37.0},{"not_picked":["Panacea","Flash of Steel","Deep Breath"],"picked":"Mayhem","floor":37.0},{"not_picked":["Purity","Jack Of All Trades","Blind"],"picked":"Impatience","floor":37.0},{"not_picked":["Compile Driver","Chaos","Force Field"],"picked":"Defragment","floor":39.0},{"not_picked":["Hello World","Aggregate","Chill+1"],"picked":"Thunder Strike","floor":40.0},{"not_picked":["Streamline","Steam","Leap","Recycle"],"picked":"SKIP","floor":41.0},{"not_picked":["Sunder+1","Gash","Turbo+1"],"picked":"Aggregate+1","floor":42.0},{"not_picked":["Chill+1","Conserve Battery+1","Turbo+1","Coolheaded+1"],"picked":"SKIP","floor":44.0},{"not_picked":["Ball Lightning+1","Capacitor","Coolheaded+1","Conserve Battery+1"],"picked":"SKIP","floor":46.0},{"not_picked":["Rainbow+1","Barrage+1","Blizzard","Capacitor+1"],"picked":"SKIP","floor":48.0},{"not_picked":["Rebound+1","Capacitor+1","Undo+1","Steam+1"],"picked":"SKIP","floor":54.0}],"player_experience":655887,"relics_obtained":[{"floor":6.0,"key":"WingedGreaves"},{"floor":11.0,"key":"Mercury Hourglass"},{"floor":12.0,"key":"Mummified Hand"},{"floor":13.0,"key":"Potion Belt"},{"floor":14.0,"key":"Odd Mushroom"},{"floor":20.0,"key":"Red Mask"},{"floor":23.0,"key":"Bird Faced Urn"},{"floor":25.0,"key":"Blood Vial"},{"floor":26.0,"key":"Question Card"},{"floor":29.0,"key":"Ice Cream"},{"floor":38.0,"key":"MawBank"},{"floor":40.0,"key":"Orichalcum"},{"floor":42.0,"key":"Toxic Egg 2"},{"floor":43.0,"key":"Emotion Chip"},{"floor":46.0,"key":"Eternal Feather"},{"floor":54.0,"key":"Boot"}],"event_choices":[{"damage_healed":0.0,"max_hp_gain":0.0,"max_hp_loss":0.0,"gold_gain":0.0,"cards_transformed":["Defend_B"],"event_name":"Living Wall","player_choice":"Change","floor":3.0,"gold_loss":0.0,"damage_taken":0.0,"cards_obtained":["Genetic Algorithm"]},{"damage_healed":0.0,"max_hp_gain":0.0,"max_hp_loss":0.0,"gold_gain":0.0,"event_name":"Mushrooms","player_choice":"Fought Mushrooms","floor":14.0,"gold_loss":0.0,"damage_taken":0.0},{"damage_healed":0.0,"max_hp_gain":0.0,"max_hp_loss":0.0,"gold_gain":0.0,"event_name":"Masked Bandits","player_choice":"Fought Bandits","floor":20.0,"gold_loss":0.0,"damage_taken":0.0},{"damage_healed":0.0,"max_hp_gain":0.0,"max_hp_loss":0.0,"gold_gain":0.0,"event_name":"Accursed Blacksmith","player_choice":"Forge","floor":31.0,"gold_loss":0.0,"damage_taken":0.0,"cards_upgraded":["Capacitor"]},{"damage_healed":0.0,"max_hp_gain":0.0,"max_hp_loss":0.0,"gold_gain":0.0,"event_name":"SensoryStone","player_choice":"Memory 3","floor":37.0,"gold_loss":0.0,"damage_taken":10.0}],"is_beta":false,"boss_relics":[{"not_picked":["Sozu","SacredBark"],"picked":"Nuclear Battery"},{"not_picked":["Runic Dome","Empty Cage"],"picked":"Inserter"}],"items_purged_floors":[28,30,36,53],"is_endless":false,"potions_floor_spawned":[2,12,13,16,19,20,22,27,33,35,44,48,54],"ascension_level":18}