{"gold_per_floor":[117,130,130,130,144,144,178,189,238,238,238,248,248,90,90,164,164,176,13,13,13,25,56,56,81,81,106,6,20,20,38,38,115,115,134,97,122,122,122,122,153,153,153,184,184,201,218,245,245,245],"floor_reached":51,"playtime":4126,"items_purged":["Defend_B","Defend_B"],"score":1759,"play_id":"dc5c9b09-74e6-46c4-996d-896858269ca1","local_time":"20211008195650","is_ascension_mode":true,"campfire_choices":[{"data":"Zap","floor":6.0,"key":"SMITH"},{"floor":11.0,"key":"REST"},{"data":"Echo Form","floor":13.0,"key":"SMITH"},{"data":"Dualcast","floor":15.0,"key":"SMITH"},{"data":"Buffer","floor":24.0,"key":"SMITH"},{"data":"Ghostly","floor":32.0,"key":"SMITH"},{"data":"Ghostly","floor":40.0,"key":"SMITH"},{"data":"Ghostly","floor":45,"key":"SMITH"},{"data":"Defragment","floor":49,"key":"SMITH"}],"neow_cost":"PERCENT_DAMAGE","seed_source_timestamp":591505361327171,"circlet_count":0,"master_deck":["AscendersBane","Strike_B","Defend_B","Zap+1","Dualcast+1","Compile Driver","Ball Lightning","Leap","Echo Form+1","Cold Snap+1","Beam Cell+1","Glacier","Buffer+1","Steam Power+1","Ghostly+1","Ghostly+1","Ghostly+1","Skim","Scrape+1","Go for the Eyes+1","Turbo","Seek","Capacitor","Madness","Madness","Doom and Gloom+1","Ghostly+1","Defragment+1"],"special_seed":0,"relics":["Cracked Core","Molten Egg 2","Omamori","Cursed Key","Toolbox","Toy Ornithopter","Sundial","Pantograph","Bottled Lightning","Runic Pyramid","Torii","Emotion Chip","Singing Bowl","Question Card"],"potions_floor_usage":[50,50],"damage_taken":[{"damage":7.0,"enemies":"Jaw Worm","floor":1.0,"turns":3.0},{"damage":0.0,"enemies":"2 Louse","floor":2.0,"turns":2.0},{"damage":0.0,"enemies":"Cultist","floor":5.0,"turns":2.0},{"damage":27.0,"enemies":"3 Sentries","floor":7.0,"turns":8.0},{"damage":0.0,"enemies":"Large Slime","floor":8.0,"turns":5.0},{"damage":0.0,"enemies":"3 Louse","floor":12.0,"turns":3.0},{"damage":0.0,"enemies":"Slime Boss","floor":16.0,"turns":8.0},{"damage":2.0,"enemies":"2 Thieves","floor":18.0,"turns":4.0},{"damage":0.0,"enemies":"Chosen","floor":22.0,"turns":5.0},{"damage":7.0,"enemies":"Book of Stabbing","floor":23.0,"turns":5.0},{"damage":13.0,"enemies":"Slavers","floor":25.0,"turns":5.0},{"damage":7.0,"enemies":"Book of Stabbing","floor":27.0,"turns":5.0},{"damage":0.0,"enemies":"Snake Plant","floor":29.0,"turns":5.0},{"damage":5.0,"enemies":"Cultist and Chosen","floor":31.0,"turns":8.0},{"damage":0.0,"enemies":"Automaton","floor":33.0,"turns":9.0},{"damage":0.0,"enemies":"3 Darklings","floor":35.0,"turns":5.0},{"damage":6.0,"enemies":"Mind Bloom Boss Battle","floor":37.0,"turns":8.0},{"damage":0.0,"enemies":"Nemesis","floor":41.0,"turns":9.0},{"damage":0,"enemies":"Giant Head","floor":44,"turns":9},{"damage":1,"enemies":"Orb Walker","floor":46,"turns":5},{"damage":0,"enemies":"Spire Growth","floor":47,"turns":7},{"damage":2,"enemies":"Reptomancer","floor":48,"turns":9},{"damage":2,"enemies":"Donu and Deca","floor":50,"turns":9}],"seed_played":"-1517892280513173260","potions_obtained":[{"floor":2.0,"key":"SmokeBomb"},{"floor":5.0,"key":"Energy Potion"},{"floor":16.0,"key":"SkillPotion"},{"floor":25.0,"key":"PowerPotion"},{"floor":27.0,"key":"EssenceOfDarkness"},{"floor":35.0,"key":"Energy Potion"},{"floor":47,"key":"LiquidBronze"}],"is_trial":false,"path_per_floor":["M","M","?","?","M","R","E","M","T","?","R","M","R","$","R","B",null,"M","$","?","?","M","E","R","E","T","E","$","M","$","M","R","B",null,"M","$","?","?","?","R","E","?","T","E","R","M","M","E","R","B",null],"character_chosen":"DEFECT","items_purchased":["Glacier","Toolbox","Capacitor"],"campfire_rested":1,"item_purchase_floors":[14,19,36],"current_hp_per_floor":[39,39,32,32,32,32,5,5,5,5,26,26,26,26,26,26,60,58,58,35,35,35,30,30,17,17,10,10,10,10,10,10,35,35,35,35,29,23,23,23,23,23,23,25,25,26,26,26,26,41],"gold":245,"neow_bonus":"REMOVE_TWO","is_prod":false,"is_daily":false,"chose_seed":false,"campfire_upgraded":8,"win_rate":0,"timestamp":1633748210,"path_taken":["M","M","?","?","M","R","E","M","T","?","R","M","R","$","R","BOSS","M","?","?","?","M","E","R","E","T","E","$","M","?","?","R","BOSS","M","$","?","?","?","R","E","?","T","E","R","M","?","E","R","BOSS"],"build_version":"2020-12-22","purchased_purges":2,"victory":true,"max_hp_per_floor":[71,71,71,71,71,71,71,71,71,71,71,71,71,71,71,71,71,71,71,35,35,35,35,35,35,35,35,35,35,35,35,35,35,35,35,35,35,35,35,35,35,35,35,37,37,39,39,41,41,41],"relic_stats":{"Emotion Chip":[4,3,0,1,0],"Torii":0,"Singing Bowl":6,"counters":[23,138],"Sundial":[22],"Pantograph":40,"Omamori":2,"Bottled Lightning":"Steam Power","Cursed Key":1,"Question Card":0,"obtain_stats":[{"Torii":37,"Singing Bowl":44,"Omamori":9,"Cursed Key":17,"Question Card":48,"Emotion Chip":41,"Sundial":23,"Pantograph":25,"Toolbox":19,"Molten Egg 2":7,"Bottled Lightning":27,"Cracked Core":0,"Toy Ornithopter":21,"Runic Pyramid":34},{"Torii":17,"Singing Bowl":19,"Omamori":5,"Cursed Key":7,"Question Card":22,"Emotion Chip":18,"Sundial":10,"Pantograph":11,"Toolbox":8,"Molten Egg 2":4,"Bottled Lightning":12,"Cracked Core":0,"Toy Ornithopter":8,"Runic Pyramid":15},{"Torii":90,"Singing Bowl":108,"Omamori":20,"Cursed Key":31,"Question Card":129,"Emotion Chip":99,"Sundial":45,"Pantograph":50,"Toolbox":35,"Molten Egg 2":15,"Bottled Lightning":55,"Cracked Core":0,"Toy Ornithopter":35,"Runic Pyramid":77}],"Toy Ornithopter":9},"card_choices":[{"not_picked":["Turbo","Heatsinks"],"picked":"Compile Driver","floor":1.0},{"not_picked":["Streamline","Turbo"],"picked":"Ball Lightning","floor":2.0},{"not_picked":["Rebound","Barrage"],"picked":"Leap","floor":5.0},{"not_picked":["Beam Cell+1","Stack"],"picked":"Echo Form","floor":7.0},{"not_picked":["Ball Lightning+1","Compile Driver+1"],"picked":"Cold Snap+1","floor":8.0},{"not_picked":["Ball Lightning+1","Multi-Cast"],"picked":"Beam Cell+1","floor":12.0},{"not_picked":["Creative AI","Multi-Cast"],"picked":"Buffer","floor":16.0},{"not_picked":["Redo","Gash+1"],"picked":"Steam Power+1","floor":18.0},{"not_picked":["Doom and Gloom+1","Cold Snap+1"],"picked":"Skim","floor":22.0},{"not_picked":["Ball Lightning+1","Capacitor"],"picked":"Scrape+1","floor":23.0},{"not_picked":["Steam","Barrage+1","Conserve Battery"],"picked":"SKIP","floor":25.0},{"not_picked":["Echo Form","Blizzard+1"],"picked":"Go for the Eyes+1","floor":27.0},{"not_picked":["Glacier","Leap","Cold Snap+1"],"picked":"SKIP","floor":29.0},{"not_picked":["FTL+1","Compile Driver+1"],"picked":"Turbo","floor":31.0},{"not_picked":["Reboot","Buffer"],"picked":"Seek","floor":33.0},{"not_picked":["Consume","Chill","Sweeping Beam+1"],"picked":"SKIP","floor":35.0},{"not_picked":["Cold Snap+1","Steam Power","Doom and Gloom+1"],"picked":"SKIP","floor":41.0},{"not_picked":["Cold Snap+1","Steam Power"],"picked":"Doom and Gloom+1","floor":41.0},{"not_picked":["Machine Learning","Glacier","Redo"],"picked":"Singing Bowl","floor":44},{"not_picked":["Steam","Sweeping Beam+1","Conserve Battery"],"picked":"Singing Bowl","floor":46},{"not_picked":["Sweeping Beam+1","Barrage+1"],"picked":"Defragment","floor":47},{"not_picked":["Recycle","Self Repair","Auto Shields"],"picked":"Singing Bowl","floor":48}],"player_experience":663376,"relics_obtained":[{"floor":7.0,"key":"Molten Egg 2"},{"floor":9.0,"key":"Omamori"},{"floor":23.0,"key":"Sundial"},{"floor":25.0,"key":"Pantograph"},{"floor":27.0,"key":"Bottled Lightning"},{"floor":37.0,"key":"Torii"},{"floor":41.0,"key":"Emotion Chip"},{"floor":44,"key":"Singing Bowl"},{"floor":48,"key":"Question Card"}],"event_choices":[{"cards_removed":["Strike_B"],"damage_healed":0.0,"max_hp_gain":0.0,"max_hp_loss":0.0,"gold_gain":0.0,"event_name":"Golden Wing","player_choice":"Card Removal","floor":3.0,"gold_loss":0.0,"damage_taken":7.0},{"damage_healed":0.0,"max_hp_gain":0.0,"max_hp_loss":0.0,"gold_gain":0.0,"event_name":"Liars Game","player_choice":"Ignored","floor":4.0,"gold_loss":0.0,"damage_taken":0.0},{"cards_removed":["Strike_B"],"damage_healed":0.0,"max_hp_gain":0.0,"max_hp_loss":0.0,"gold_gain":0.0,"event_name":"Bonfire Elementals","player_choice":"Offered Basic","floor":10.0,"gold_loss":0.0,"damage_taken":0.0},{"damage_healed":0.0,"max_hp_gain":0.0,"max_hp_loss":36.0,"gold_gain":0.0,"event_name":"Ghosts","player_choice":"Became a Ghost","floor":20.0,"gold_loss":0.0,"damage_taken":0.0,"cards_obtained":["Ghostly","Ghostly","Ghostly"]},{"damage_healed":0.0,"max_hp_gain":0.0,"max_hp_loss":0.0,"gold_gain":0.0,"event_name":"The Mausoleum","player_choice":"Opened","floor":21.0,"gold_loss":0.0,"damage_taken":0.0,"relics_obtained":["Toy Ornithopter"],"cards_obtained":["Writhe"]},{"damage_healed":0.0,"max_hp_gain":0.0,"max_hp_loss":0.0,"gold_gain":0.0,"event_name":"MindBloom","player_choice":"Fight","floor":37.0,"gold_loss":0.0,"damage_taken":0.0},{"damage_healed":0.0,"max_hp_gain":0.0,"max_hp_loss":0.0,"gold_gain":0.0,"event_name":"Winding Halls","player_choice":"Embrace Madness","floor":38.0,"gold_loss":0.0,"damage_taken":6.0,"cards_obtained":["Madness","Madness"]},{"damage_healed":0.0,"max_hp_gain":0.0,"max_hp_loss":0.0,"gold_gain":0.0,"event_name":"SensoryStone","player_choice":"Memory 1","floor":39.0,"gold_loss":0.0,"damage_taken":0.0},{"damage_healed":0.0,"max_hp_gain":0.0,"max_hp_loss":0.0,"gold_gain":0.0,"event_name":"Duplicator","player_choice":"Copied","floor":42.0,"gold_loss":0.0,"damage_taken":0.0,"cards_obtained":["Ghostly"]}],"is_beta":false,"boss_relics":[{"not_picked":["Ectoplasm","Astrolabe"],"picked":"Cursed Key"},{"not_picked":["Pandora\u0027s Box","Calling Bell"],"picked":"Runic Pyramid"}],"items_purged_floors":[14,28],"is_endless":false,"potions_floor_spawned":[2,5,16,25,27,29,35,47,48],"ascension_level":19}