{"gold_per_floor":[210,42,57,76,76,76,108,108,178,209,209,209,228,244,244,320,320,334,351,351,367,367],"floor_reached":22,"playtime":1224,"items_purged":[],"score":396,"play_id":"e07e4ee1-3e02-4fa5-b138-bfd063819ec3","local_time":"20220414054050","is_ascension_mode":true,"campfire_choices":[{"data":"Sweeping Beam","floor":6.0,"key":"SMITH"},{"data":"Defragment","floor":8.0,"key":"SMITH"},{"floor":12.0,"key":"REST"},{"data":"Coolheaded","floor":15.0,"key":"SMITH"}],"neow_cost":"NONE","seed_source_timestamp":427167598039639,"circlet_count":0,"master_deck":["AscendersBane","Strike_B","Strike_B","Strike_B","Strike_B","Defend_B","Defend_B","Defend_B","Defend_B","Zap","Dualcast","Rebound","Compile Driver","Sweeping Beam+1","Defragment+1","BootSequence","Capacitor+1","Coolheaded+1","Electrodynamics+1","Static Discharge+1"],"special_seed":0,"relics":["Cracked Core","Chemical X","Gambling Chip","Frozen Egg 2","Boot","Snecko Eye"],"potions_floor_usage":[],"damage_taken":[{"damage":10.0,"enemies":"Small Slimes","floor":1.0,"turns":4.0},{"damage":7.0,"enemies":"Jaw Worm","floor":3.0,"turns":3.0},{"damage":0.0,"enemies":"2 Louse","floor":4.0,"turns":2.0},{"damage":0.0,"enemies":"Large Slime","floor":5.0,"turns":1.0},{"damage":20.0,"enemies":"Gremlin Nob","floor":7.0,"turns":4.0},{"damage":25.0,"enemies":"3 Sentries","floor":10.0,"turns":7.0},{"damage":1.0,"enemies":"Looter","floor":13.0,"turns":2.0},{"damage":3.0,"enemies":"3 Louse","floor":14.0,"turns":3.0},{"damage":12.0,"enemies":"The Guardian","floor":16.0,"turns":14.0},{"damage":13.0,"enemies":"3 Byrds","floor":18.0,"turns":3.0},{"damage":16.0,"enemies":"Shell Parasite","floor":19.0,"turns":4.0},{"damage":22,"enemies":"Centurion and Healer","floor":21,"turns":3},{"damage":19,"enemies":"Chosen and Byrds","floor":22,"turns":3}],"seed_played":"-6219162799919716300","potions_obtained":[{"floor":1.0,"key":"SmokeBomb"},{"floor":4.0,"key":"Block Potion"},{"floor":7.0,"key":"PotionOfCapacity"},{"floor":18.0,"key":"Dexterity Potion"},{"floor":21,"key":"AttackPotion"}],"is_trial":false,"path_per_floor":["M","$","M","M","M","R","E","R","T","E","?","R","M","M","R","B",null,"M","M","?","M","M"],"character_chosen":"DEFECT","items_purchased":["Chemical X"],"campfire_rested":1,"item_purchase_floors":[2],"current_hp_per_floor":[54,54,47,47,47,47,27,27,27,2,2,23,22,19,19,7,55,42,26,40,18,0],"gold":367,"neow_bonus":"HUNDRED_GOLD","is_prod":false,"is_daily":false,"chose_seed":false,"campfire_upgraded":3,"win_rate":0,"timestamp":1649940050,"path_taken":["M","$","M","M","M","R","E","R","T","E","?","R","M","M","R","BOSS","M","M","?","M","M"],"build_version":"2022-03-07","purchased_purges":0,"victory":false,"max_hp_per_floor":[71,71,71,71,71,71,71,71,71,71,71,71,71,71,71,71,71,71,71,71,71,71],"relic_stats":{"counters":[13,53],"Gambling Chip":[28],"Snecko Eye":[20,27,36,19,-54],"Chemical X":[1],"Boot":[13],"obtain_stats":[{"Gambling Chip":7,"Snecko Eye":17,"Chemical X":2,"Frozen Egg 2":9,"Cracked Core":0,"Boot":10},{"Gambling Chip":5,"Snecko Eye":9,"Chemical X":1,"Frozen Egg 2":5,"Cracked Core":0,"Boot":6},{"Gambling Chip":14,"Snecko Eye":40,"Chemical X":4,"Frozen Egg 2":14,"Cracked Core":0,"Boot":21}]},"card_choices":[{"not_picked":["Fusion","Capacitor"],"picked":"Rebound","floor":1.0},{"not_picked":["Stack","Leap"],"picked":"Compile Driver","floor":3.0},{"not_picked":["Melter","Leap"],"picked":"Sweeping Beam","floor":4.0},{"not_picked":["Leap","Chaos"],"picked":"Defragment","floor":7.0},{"not_picked":["Capacitor+1","Hyperbeam"],"picked":"BootSequence","floor":10.0},{"not_picked":["Gash","Compile Driver"],"picked":"Capacitor+1","floor":13.0},{"not_picked":["Stack","Doom and Gloom"],"picked":"Coolheaded","floor":14.0},{"not_picked":["Rainbow","All For One"],"picked":"Electrodynamics+1","floor":16.0},{"not_picked":["Go for the Eyes","Sweeping Beam"],"picked":"Static Discharge+1","floor":18.0},{"not_picked":["Steam+1","Compile Driver","Aggregate"],"picked":"SKIP","floor":19.0},{"not_picked":["Redo","Sunder","White Noise"],"picked":"SKIP","floor":21}],"player_experience":763336,"relics_obtained":[{"floor":7.0,"key":"Gambling Chip"},{"floor":9.0,"key":"Frozen Egg 2"},{"floor":10.0,"key":"Boot"}],"event_choices":[{"damage_healed":0.0,"max_hp_gain":0.0,"max_hp_loss":0.0,"gold_gain":0.0,"event_name":"Scrap Ooze","player_choice":"Fled","floor":11.0,"gold_loss":0.0,"damage_taken":0.0},{"damage_healed":14.0,"max_hp_gain":0.0,"max_hp_loss":0.0,"gold_gain":0.0,"event_name":"The Library","player_choice":"Heal","floor":20.0,"gold_loss":0.0,"damage_taken":0.0}],"is_beta":false,"boss_relics":[{"not_picked":["Astrolabe","Philosopher\u0027s Stone"],"picked":"Snecko Eye"}],"items_purged_floors":[],"is_endless":false,"potions_floor_spawned":[1,4,5,7,18,21],"killed_by":"Chosen and Byrds","ascension_level":20}