{"gold_per_floor":[112,112,112,112,130,130,158,158,158,190,208,208,133,168,168,168],"floor_reached":16,"playtime":1403,"items_purged":["Strike_B"],"score":232,"play_id":"5f627336-8b7d-4222-9e5d-829cda28b89b","local_time":"20220414141953","is_ascension_mode":true,"campfire_choices":[{"data":"Tempest","floor":6.0,"key":"SMITH"},{"data":"Self Repair","floor":8.0,"key":"SMITH"},{"data":"Redo","floor":15.0,"key":"SMITH"}],"neow_cost":"NONE","seed_source_timestamp":457522753545210,"circlet_count":0,"master_deck":["AscendersBane","Strike_B","Strike_B","Defend_B","Defend_B","Defend_B","Zap","Dualcast","Glacier","Tempest+1","Cold Snap","Self Repair+1","Go for the Eyes","Redo+1"],"special_seed":0,"relics":["Cracked Core","Vajra","Bag of Preparation","Cables","Singing Bowl"],"potions_floor_usage":[16],"damage_taken":[{"damage":7.0,"enemies":"Small Slimes","floor":1.0,"turns":3.0},{"damage":0.0,"enemies":"2 Louse","floor":5.0,"turns":4.0},{"damage":29.0,"enemies":"Lagavulin","floor":7.0,"turns":9.0},{"damage":13.0,"enemies":"3 Sentries","floor":10.0,"turns":7.0},{"damage":0.0,"enemies":"Jaw Worm","floor":11.0,"turns":2.0},{"damage":18.0,"enemies":"Lagavulin","floor":14.0,"turns":8.0},{"damage":30,"enemies":"Hexaghost","floor":16,"turns":9}],"seed_played":"190088146085674049","potions_obtained":[{"floor":1.0,"key":"PowerPotion"},{"floor":5.0,"key":"EntropicBrew"}],"is_trial":false,"path_per_floor":["M","?","?","?","M","R","E","R","T","E","M","?","$","E","R","B"],"character_chosen":"DEFECT","items_purchased":[],"campfire_rested":0,"item_purchase_floors":[],"current_hp_per_floor":[57,57,57,71,71,71,42,42,42,39,39,32,32,26,26,0],"gold":168,"neow_bonus":"RANDOM_COMMON_RELIC","is_prod":false,"is_daily":false,"chose_seed":false,"campfire_upgraded":3,"win_rate":0,"timestamp":1649971193,"path_taken":["M","?","?","?","M","R","E","R","T","E","M","?","$","E","R","BOSS"],"build_version":"2022-03-07","purchased_purges":1,"victory":false,"max_hp_per_floor":[71,71,71,71,71,71,71,71,71,71,71,71,71,73,73,73],"relic_stats":{"Singing Bowl":2,"counters":[7,42],"Bag of Preparation":[8],"obtain_stats":[{"Singing Bowl":14,"Vajra":0,"Bag of Preparation":7,"Cracked Core":0,"Cables":10},{"Singing Bowl":6,"Vajra":0,"Bag of Preparation":3,"Cracked Core":0,"Cables":4},{"Singing Bowl":33,"Vajra":0,"Bag of Preparation":16,"Cracked Core":0,"Cables":23}],"Cables":[17,11,6,0,0]},"card_choices":[{"not_picked":["Lockon","Rebound"],"picked":"Glacier","floor":1.0},{"not_picked":["Ball Lightning","Gash"],"picked":"Cold Snap","floor":5.0},{"not_picked":["Rip and Tear","Skim"],"picked":"Self Repair","floor":7.0},{"not_picked":["Tempest","Amplify"],"picked":"Go for the Eyes","floor":10.0},{"not_picked":["Streamline","Blizzard"],"picked":"Redo","floor":11.0},{"not_picked":["Gash","Conserve Battery","Undo"],"picked":"Singing Bowl","floor":14.0}],"player_experience":770773,"relics_obtained":[{"floor":7.0,"key":"Bag of Preparation"},{"floor":10.0,"key":"Cables"},{"floor":14.0,"key":"Singing Bowl"}],"event_choices":[{"damage_healed":0.0,"max_hp_gain":0.0,"max_hp_loss":0.0,"gold_gain":0.0,"event_name":"Liars Game","player_choice":"Ignored","floor":2.0,"gold_loss":0.0,"damage_taken":0.0},{"damage_healed":0.0,"max_hp_gain":0.0,"max_hp_loss":0.0,"gold_gain":0.0,"cards_transformed":["Defend_B"],"event_name":"Living Wall","player_choice":"Change","floor":3.0,"gold_loss":0.0,"damage_taken":0.0,"cards_obtained":["Tempest"]},{"damage_healed":23.0,"max_hp_gain":0.0,"max_hp_loss":0.0,"gold_gain":0.0,"event_name":"Big Fish","player_choice":"Banana","floor":4.0,"gold_loss":0.0,"damage_taken":0.0},{"cards_removed":["Strike_B"],"damage_healed":0.0,"max_hp_gain":0.0,"max_hp_loss":0.0,"gold_gain":0.0,"event_name":"Golden Wing","player_choice":"Card Removal","floor":12.0,"gold_loss":0.0,"damage_taken":7.0}],"is_beta":false,"boss_relics":[],"items_purged_floors":[13],"is_endless":false,"potions_floor_spawned":[1,5],"killed_by":"Hexaghost","ascension_level":20}