{"gold_per_floor":[112,187,167,178,193,225,243,243,268,291,291,326,355,364,364,447,510,521,252,281,307,319,360,378,412,483,506,541,590,630,651,651,726,726,750,88,88,106,130,130,173,173,173,173,198,54,82,103,103,103,103,103,103,57,92,92],"floor_reached":57,"playtime":6244,"items_purged":["Auto Shields"],"score":3221,"play_id":"f1ec4c28-d941-414f-9c0d-cf1c9a6365ea","local_time":"20220413181145","is_ascension_mode":true,"campfire_choices":[{"data":"Darkness","floor":8.0,"key":"SMITH"},{"data":"Coolheaded","floor":11.0,"key":"SMITH"},{"data":"Defragment","floor":15.0,"key":"SMITH"},{"data":"Loop","floor":32.0,"key":"SMITH"},{"data":"Capacitor","floor":40.0,"key":"SMITH"},{"data":"Go for the Eyes","floor":42.0,"key":"SMITH"},{"floor":44.0,"key":"RECALL"},{"data":"Turbo","floor":49.0,"key":"SMITH"},{"data":"Static Discharge","floor":53.0,"key":"SMITH"}],"neow_cost":"NONE","seed_source_timestamp":405869777611879,"circlet_count":0,"master_deck":["AscendersBane","Dualcast","Coolheaded+1","Darkness+1","Self Repair","Static Discharge+1","Go for the Eyes+1","Defragment+1","Loop+1","Genetic Algorithm+1","Sweeping Beam","All For One+1","Skim","Electrodynamics","Turbo+1","Multi-Cast","Glacier+1","Capacitor+1","Chill+1","Conserve Battery+1","Reinforced Body","Ball Lightning+1","Skim","Echo Form","Turbo+1","Genetic Algorithm+1","Turbo+1","Go for the Eyes+1","Reboot+1","Glacier+1","Conserve Battery+1"],"special_seed":0,"relics":["Runic Pyramid","Art of War","PreservedInsect","CeramicFish","Pandora\u0027s Box","Bag of Preparation","Dream Catcher","Tiny Chest","Symbiotic Virus","DataDisk","Lantern","Toxic Egg 2","Coffee Dripper","Cables","Gambling Chip","War Paint","Mercury Hourglass","Whetstone","StoneCalendar","MealTicket","Pear"],"potions_floor_usage":[56],"damage_taken":[{"damage":0.0,"enemies":"Cultist","floor":1.0,"turns":3.0},{"damage":0.0,"enemies":"2 Louse","floor":4.0,"turns":3.0},{"damage":12.0,"enemies":"Jaw Worm","floor":5.0,"turns":3.0},{"damage":16.0,"enemies":"Lagavulin","floor":6.0,"turns":7.0},{"damage":3.0,"enemies":"Red Slaver","floor":7.0,"turns":4.0},{"damage":7.0,"enemies":"Gremlin Nob","floor":12.0,"turns":3.0},{"damage":13.0,"enemies":"Lots of Slimes","floor":13.0,"turns":5.0},{"damage":22.0,"enemies":"The Guardian","floor":16.0,"turns":8.0},{"damage":19.0,"enemies":"3 Byrds","floor":18.0,"turns":3.0},{"damage":0.0,"enemies":"Chosen","floor":20.0,"turns":6.0},{"damage":7.0,"enemies":"Shelled Parasite and Fungi","floor":21.0,"turns":6.0},{"damage":0.0,"enemies":"Snecko","floor":22.0,"turns":5.0},{"damage":0.0,"enemies":"Gremlin Leader","floor":23.0,"turns":5.0},{"damage":0.0,"enemies":"Book of Stabbing","floor":25.0,"turns":5.0},{"damage":10.0,"enemies":"Cultist and Chosen","floor":27.0,"turns":7.0},{"damage":11.0,"enemies":"Gremlin Leader","floor":28.0,"turns":5.0},{"damage":0.0,"enemies":"Slavers","floor":30.0,"turns":3.0},{"damage":10.0,"enemies":"Snake Plant","floor":31.0,"turns":4.0},{"damage":0.0,"enemies":"Automaton","floor":33.0,"turns":7.0},{"damage":5.0,"enemies":"Orb Walker","floor":35.0,"turns":5.0},{"damage":0.0,"enemies":"3 Darklings","floor":38.0,"turns":5.0},{"damage":11.0,"enemies":"Nemesis","floor":41.0,"turns":7.0},{"damage":0.0,"enemies":"Mind Bloom Boss Battle","floor":45.0,"turns":5.0},{"damage":0.0,"enemies":"Reptomancer","floor":47.0,"turns":4.0},{"damage":4.0,"enemies":"4 Shapes","floor":48.0,"turns":4.0},{"damage":0.0,"enemies":"Awakened One","floor":50.0,"turns":9.0},{"damage":2.0,"enemies":"Donu and Deca","floor":51.0,"turns":7.0},{"damage":0.0,"enemies":"Shield and Spear","floor":55.0,"turns":11.0},{"damage":69,"enemies":"The Heart","floor":56,"turns":10}],"seed_played":"-2332212206275091800","potions_obtained":[{"floor":1.0,"key":"SteroidPotion"},{"floor":3.0,"key":"SneckoOil"},{"floor":5.0,"key":"ColorlessPotion"},{"floor":6.0,"key":"AttackPotion"},{"floor":13.0,"key":"Regen Potion"},{"floor":18.0,"key":"DuplicationPotion"},{"floor":20.0,"key":"FairyPotion"}],"is_trial":false,"path_per_floor":["M","?","?","M","M","E","M","R","T","T","R","E","M","?","R","B",null,"M","$","M","M","M","E","?","E","T","M","E","T","E","M","R","B",null,"M","$","?","M","T","R","E","R","T","R","?","$","E","M","R","B","B",null,"R","$","E","B",null],"character_chosen":"DEFECT","items_purchased":["Bag of Preparation","Glacier","Capacitor","Cables","Gambling Chip","Reboot+1","Conserve Battery+1"],"campfire_rested":0,"item_purchase_floors":[19,19,19,36,36,46,54],"current_hp_per_floor":[64,53,53,53,41,25,29,29,29,29,29,29,23,23,23,23,59,47,47,54,54,61,68,68,71,71,68,64,64,71,71,71,71,71,71,71,71,71,71,71,67,67,67,67,71,71,71,71,71,71,71,71,71,71,81,19],"gold":92,"neow_bonus":"BOSS_RELIC","is_prod":false,"is_daily":false,"chose_seed":false,"campfire_upgraded":8,"win_rate":0,"timestamp":1649898705,"path_taken":["M","?","?","M","?","E","M","R","T","?","R","E","M","?","R","BOSS","M","?","?","M","M","E","?","E","T","M","E","?","E","M","R","BOSS","M","$","?","?","?","R","E","R","T","R","?","?","E","M","R","BOSS","BOSS","R","$","E","BOSS"],"build_version":"2022-03-07","purchased_purges":1,"victory":true,"max_hp_per_floor":[71,71,71,71,71,71,71,71,71,71,71,71,71,71,71,71,71,71,71,71,71,71,71,71,71,71,71,71,71,71,71,71,71,71,71,71,71,71,71,71,71,71,71,71,71,71,71,71,71,71,71,71,71,71,81,81],"relic_stats":{"counters":[29,159],"CeramicFish":243,"StoneCalendar":[85],"PreservedInsect":398,"Bag of Preparation":[40],"Whetstone":["All For One","Ball Lightning"],"War Paint":["Genetic Algorithm","Glacier"],"Cables":[67,8,30,29,0],"Mercury Hourglass":[199],"Dream Catcher":0,"Gambling Chip":[20],"Pandora\u0027s Box":["Genetic Algorithm","Sweeping Beam","All For One","Skim","Electrodynamics","Turbo","Multi-Cast"],"Tiny Chest":1,"MealTicket":0,"Art of War":[45],"obtain_stats":[{"Lantern":29,"Pear":55,"CeramicFish":12,"StoneCalendar":45,"PreservedInsect":9,"Bag of Preparation":19,"Whetstone":43,"War Paint":39,"Cables":36,"Mercury Hourglass":41,"Dream Catcher":23,"DataDisk":28,"Gambling Chip":36,"Pandora\u0027s Box":17,"Tiny Chest":25,"MealTicket":47,"Art of War":6,"Coffee Dripper":34,"Toxic Egg 2":30,"Cracked Core":0,"Symbiotic Virus":26,"Runic Pyramid":0},{"Lantern":16,"Pear":28,"CeramicFish":6,"StoneCalendar":23,"PreservedInsect":5,"Bag of Preparation":9,"Whetstone":22,"War Paint":21,"Cables":20,"Mercury Hourglass":22,"Dream Catcher":13,"DataDisk":16,"Gambling Chip":20,"Pandora\u0027s Box":8,"Tiny Chest":14,"MealTicket":24,"Art of War":4,"Coffee Dripper":19,"Toxic Egg 2":17,"Cracked Core":0,"Symbiotic Virus":14,"Runic Pyramid":0},{"Lantern":78,"Pear":149,"CeramicFish":23,"StoneCalendar":114,"PreservedInsect":20,"Bag of Preparation":39,"Whetstone":109,"War Paint":102,"Cables":97,"Mercury Hourglass":109,"Dream Catcher":61,"DataDisk":78,"Gambling Chip":97,"Pandora\u0027s Box":36,"Tiny Chest":66,"MealTicket":118,"Art of War":16,"Coffee Dripper":92,"Toxic Egg 2":81,"Cracked Core":0,"Symbiotic Virus":66,"Runic Pyramid":0}]},"card_choices":[{"not_picked":["Aggregate","Doom and Gloom"],"picked":"Turbo","floor":1.0},{"not_picked":["Capacitor","Hologram"],"picked":"Coolheaded","floor":4.0},{"not_picked":["Storm","Blizzard"],"picked":"Darkness","floor":5.0},{"not_picked":["Aggregate","Fission"],"picked":"Self Repair","floor":6.0},{"not_picked":["Gash","Reprogram"],"picked":"Static Discharge","floor":7.0},{"not_picked":["Fusion","Ball Lightning"],"picked":"Go for the Eyes","floor":12.0},{"not_picked":["Go for the Eyes","Hologram"],"picked":"Defragment","floor":13.0},{"not_picked":["Rainbow","Machine Learning"],"picked":"Multi-Cast","floor":16.0},{"not_picked":["Sweeping Beam+1","Hologram","Coolheaded"],"picked":"SKIP","floor":18.0},{"not_picked":["Barrage","Gash"],"picked":"Chill+1","floor":20.0},{"not_picked":["Reinforced Body","Sweeping Beam"],"picked":"Conserve Battery+1","floor":21.0},{"not_picked":["Sweeping Beam","Static Discharge","Sunder"],"picked":"SKIP","floor":22.0},{"not_picked":["Compile Driver","Turbo"],"picked":"Reinforced Body","floor":23.0},{"not_picked":["Leap","Ball Lightning+1"],"picked":"Skim","floor":25.0},{"not_picked":["Rebound","Streamline"],"picked":"Echo Form","floor":27.0},{"not_picked":["Static Discharge","Leap","Melter"],"picked":"SKIP","floor":28.0},{"not_picked":["Self Repair","Rebound"],"picked":"Turbo+1","floor":30.0},{"not_picked":["Skim+1","Hello World+1"],"picked":"Genetic Algorithm+1","floor":31.0},{"not_picked":["Compile Driver","Stack+1"],"picked":"Turbo+1","floor":35.0},{"not_picked":["Barrage+1","Conserve Battery+1","Sweeping Beam"],"picked":"SKIP","floor":38.0},{"not_picked":["Go for the Eyes+1","Sweeping Beam","Streamline"],"picked":"SKIP","floor":41.0},{"not_picked":["Sweeping Beam","Streamline"],"picked":"Go for the Eyes+1","floor":41.0},{"not_picked":["Meteor Strike","Ball Lightning","Stack+1"],"picked":"SKIP","floor":47.0},{"not_picked":["Doom and Gloom","Turbo+1"],"picked":"Glacier+1","floor":48.0},{"not_picked":["Aggregate+1","Beam Cell+1","Double Energy+1"],"picked":"SKIP","floor":55.0}],"player_experience":749752,"relics_obtained":[{"floor":6.0,"key":"Art of War"},{"floor":9.0,"key":"PreservedInsect"},{"floor":12.0,"key":"CeramicFish"},{"floor":23.0,"key":"Dream Catcher"},{"floor":25.0,"key":"Tiny Chest"},{"floor":26.0,"key":"Symbiotic Virus"},{"floor":28.0,"key":"DataDisk"},{"floor":29.0,"key":"Lantern"},{"floor":30.0,"key":"Toxic Egg 2"},{"floor":39.0,"key":"War Paint"},{"floor":41.0,"key":"Mercury Hourglass"},{"floor":43.0,"key":"Whetstone"},{"floor":45.0,"key":"StoneCalendar"},{"floor":47.0,"key":"MealTicket"},{"floor":55.0,"key":"Pear"}],"event_choices":[{"damage_healed":0.0,"max_hp_gain":0.0,"max_hp_loss":0.0,"gold_gain":75.0,"event_name":"World of Goop","player_choice":"Gather Gold","floor":2.0,"gold_loss":0.0,"damage_taken":11.0},{"damage_healed":0.0,"max_hp_gain":0.0,"max_hp_loss":0.0,"gold_gain":0.0,"event_name":"The Woman in Blue","player_choice":"Bought 1 Potion","floor":3.0,"gold_loss":0.0,"damage_taken":0.0},{"damage_healed":0.0,"max_hp_gain":0.0,"max_hp_loss":0.0,"gold_gain":0.0,"cards_transformed":["Strike_B"],"event_name":"Transmorgrifier","player_choice":"Transformed","floor":14.0,"gold_loss":0.0,"damage_taken":0.0,"cards_obtained":["Loop"]},{"damage_healed":0.0,"max_hp_gain":0.0,"max_hp_loss":0.0,"gold_gain":0.0,"cards_transformed":["Zap","Multi-Cast"],"event_name":"Drug Dealer","player_choice":"Became Test Subject","floor":24.0,"gold_loss":0.0,"damage_taken":0.0,"cards_obtained":["Ball Lightning","Auto Shields"]},{"cards_removed":["Turbo"],"damage_healed":5.0,"max_hp_gain":0.0,"max_hp_loss":0.0,"gold_gain":0.0,"event_name":"Bonfire Elementals","player_choice":"Offered Common","floor":37.0,"gold_loss":0.0,"damage_taken":0.0},{"cards_removed":["Turbo"],"damage_healed":5.0,"max_hp_gain":0.0,"max_hp_loss":0.0,"gold_gain":0.0,"event_name":"Bonfire Elementals","player_choice":"Offered Special","floor":37.0,"gold_loss":0.0,"damage_taken":0.0},{"damage_healed":0.0,"max_hp_gain":0.0,"max_hp_loss":0.0,"gold_gain":0.0,"event_name":"MindBloom","player_choice":"Fight","floor":45.0,"gold_loss":0.0,"damage_taken":0.0}],"is_beta":false,"boss_relics":[{"not_picked":["SacredBark","Tiny House"],"picked":"Pandora\u0027s Box"},{"not_picked":["Philosopher\u0027s Stone","Sozu"],"picked":"Coffee Dripper"}],"items_purged_floors":[36],"is_endless":false,"potions_floor_spawned":[1,5,6,13,18,20,22,25,30,33,41,45,47,55],"ascension_level":20}