{"gold_per_floor":[115,190,190,202,44,74,74,74,74,105,105,115,142,142,142,142],"floor_reached":16,"playtime":1535,"items_purged":["Strike_B"],"score":232,"play_id":"37470a8d-1e10-41e7-957c-b6a821536dba","local_time":"20220414201027","is_ascension_mode":true,"campfire_choices":[{"data":"Zap","floor":8.0,"key":"SMITH"},{"data":"Loop","floor":15,"key":"SMITH"}],"neow_cost":"TEN_PERCENT_HP_LOSS","seed_source_timestamp":471161160944735,"circlet_count":0,"master_deck":["AscendersBane","Strike_B","Strike_B","Strike_B","Defend_B","Defend_B","Defend_B","Zap+1","Dualcast+1","All For One","BootSequence+1","Static Discharge","Coolheaded","Beam Cell+1","Go for the Eyes","Loop+1","Sweeping Beam","Chill"],"special_seed":0,"relics":["Cracked Core","War Paint","Centennial Puzzle","Gambling Chip","Incense Burner"],"potions_floor_usage":[],"damage_taken":[{"damage":13.0,"enemies":"Small Slimes","floor":1.0,"turns":4.0},{"damage":1.0,"enemies":"Cultist","floor":4.0,"turns":4.0},{"damage":34.0,"enemies":"Gremlin Nob","floor":6.0,"turns":4.0},{"damage":10.0,"enemies":"Lagavulin","floor":10.0,"turns":6.0},{"damage":0.0,"enemies":"Jaw Worm","floor":12.0,"turns":2.0},{"damage":21.0,"enemies":"3 Sentries","floor":13.0,"turns":6.0},{"damage":6,"enemies":"Hexaghost","floor":16,"turns":5}],"seed_played":"-1977234005072983207","potions_obtained":[{"floor":4.0,"key":"Swift Potion"},{"floor":10.0,"key":"DistilledChaos"},{"floor":12.0,"key":"Weak Potion"}],"is_trial":false,"path_per_floor":["M","?","?","M","$","E","?","R","T","E","?","M","E","?","R","B"],"character_chosen":"DEFECT","items_purchased":["Coolheaded","Beam Cell"],"campfire_rested":0,"item_purchase_floors":[5,5],"current_hp_per_floor":[51,51,51,50,50,16,37,37,37,27,27,27,6,6,6,0],"gold":142,"neow_bonus":"THREE_RARE_CARDS","is_prod":false,"is_daily":false,"chose_seed":false,"campfire_upgraded":2,"win_rate":0,"timestamp":1649992227,"path_taken":["M","?","?","?","$","E","?","R","T","E","?","M","E","?","R","BOSS"],"build_version":"2022-03-07","purchased_purges":1,"victory":false,"max_hp_per_floor":[64,64,64,64,64,64,64,64,64,64,64,64,64,64,64,64],"relic_stats":{"Centennial Puzzle":[9],"counters":[7,31],"Gambling Chip":[3],"War Paint":["BootSequence","Dualcast"],"obtain_stats":[{"Centennial Puzzle":9,"Gambling Chip":10,"Incense Burner":13,"War Paint":6,"Cracked Core":0},{"Centennial Puzzle":3,"Gambling Chip":4,"Incense Burner":6,"War Paint":3,"Cracked Core":0},{"Centennial Puzzle":12,"Gambling Chip":18,"Incense Burner":26,"War Paint":12,"Cracked Core":0}]},"card_choices":[{"not_picked":["Rainbow","Creative AI"],"picked":"All For One","floor":0.0},{"not_picked":["Ball Lightning","Compile Driver"],"picked":"BootSequence","floor":1.0},{"not_picked":["Steam","Skim"],"picked":"Static Discharge","floor":4.0},{"not_picked":["Capacitor","Doom and Gloom"],"picked":"Go for the Eyes","floor":6.0},{"not_picked":["Reprogram","Heatsinks"],"picked":"Loop","floor":10.0},{"not_picked":["Conserve Battery","Rebound"],"picked":"Sweeping Beam","floor":12.0},{"not_picked":["Sunder","Sweeping Beam"],"picked":"Chill","floor":13.0}],"player_experience":774455,"relics_obtained":[{"floor":6.0,"key":"War Paint"},{"floor":9.0,"key":"Centennial Puzzle"},{"floor":10.0,"key":"Gambling Chip"},{"floor":13.0,"key":"Incense Burner"}],"event_choices":[{"damage_healed":0.0,"max_hp_gain":0.0,"max_hp_loss":0.0,"gold_gain":75.0,"event_name":"Golden Wing","player_choice":"Gained Gold","floor":2.0,"gold_loss":0.0,"damage_taken":0.0},{"cards_removed":["Defend_B"],"damage_healed":0.0,"max_hp_gain":0.0,"max_hp_loss":0.0,"gold_gain":0.0,"event_name":"Purifier","player_choice":"Purged","floor":3.0,"gold_loss":0.0,"damage_taken":0.0},{"damage_healed":21.0,"max_hp_gain":0.0,"max_hp_loss":0.0,"gold_gain":0.0,"event_name":"Big Fish","player_choice":"Banana","floor":7.0,"gold_loss":0.0,"damage_taken":0.0},{"damage_healed":0.0,"max_hp_gain":0.0,"max_hp_loss":0.0,"gold_gain":0.0,"event_name":"Liars Game","player_choice":"Ignored","floor":11.0,"gold_loss":0.0,"damage_taken":0.0},{"damage_healed":0,"gold_gain":0,"player_choice":"Grow","damage_taken":0,"max_hp_gain":0,"max_hp_loss":0,"event_name":"Living Wall","floor":14,"gold_loss":0,"cards_upgraded":["Beam Cell"]}],"is_beta":false,"boss_relics":[],"items_purged_floors":[5],"is_endless":false,"potions_floor_spawned":[4,10,12],"killed_by":"Hexaghost","ascension_level":20}