{"gold_per_floor":[111,127,177,193,207,207,236,249,299,317,352,259,259,290,290,290],"floor_reached":16,"playtime":944,"items_purged":["Strike_B"],"score":294,"play_id":"ce2427ae-0e6d-402e-8aa5-eb8ea71540a3","local_time":"20220414020312","is_ascension_mode":true,"campfire_choices":[{"data":"Fission","floor":6.0,"key":"SMITH"},{"floor":13,"key":"REST"},{"floor":15,"key":"REST"}],"neow_cost":"TEN_PERCENT_HP_LOSS","seed_source_timestamp":415326489192573,"circlet_count":0,"master_deck":["AscendersBane","Strike_B","Strike_B","Strike_B","Defend_B","Defend_B","Defend_B","Defend_B","Zap","Dualcast","Fission+1","Go for the Eyes","Sweeping Beam","Chaos","Ball Lightning","FTL","Defragment","Stack","Thunder Strike","Defragment","Seek"],"special_seed":0,"relics":["Cracked Core","Smiling Mask","Happy Flower","Kunai","Potion Belt"],"potions_floor_usage":[11],"damage_taken":[{"damage":7.0,"enemies":"Jaw Worm","floor":1.0,"turns":3.0},{"damage":0.0,"enemies":"Cultist","floor":2.0,"turns":3.0},{"damage":2.0,"enemies":"2 Louse","floor":4.0,"turns":4.0},{"damage":18.0,"enemies":"Exordium Thugs","floor":5.0,"turns":5.0},{"damage":15.0,"enemies":"Lagavulin","floor":7.0,"turns":6.0},{"damage":0.0,"enemies":"Large Slime","floor":8.0,"turns":6.0},{"damage":13.0,"enemies":"3 Louse","floor":10.0,"turns":4.0},{"damage":0,"enemies":"Gremlin Nob","floor":11,"turns":3},{"damage":30,"enemies":"Lagavulin","floor":14,"turns":7},{"damage":29,"enemies":"Slime Boss","floor":16,"turns":3}],"seed_played":"-1870488632314146751","potions_obtained":[{"floor":2.0,"key":"ColorlessPotion"},{"floor":5.0,"key":"Regen Potion"},{"floor":8.0,"key":"Strength Potion"}],"is_trial":false,"path_per_floor":["M","M","?","M","M","R","E","M","T","M","E","$","R","E","R","B"],"character_chosen":"DEFECT","items_purchased":["Defragment"],"campfire_rested":2,"item_purchase_floors":[12],"current_hp_per_floor":[57,57,51,49,31,31,30,30,30,17,17,17,36,6,25,0],"gold":290,"neow_bonus":"THREE_RARE_CARDS","is_prod":false,"is_daily":false,"chose_seed":false,"campfire_upgraded":1,"win_rate":0,"timestamp":1649926992,"path_taken":["M","M","?","M","?","R","E","M","T","M","E","$","R","E","R","BOSS"],"build_version":"2022-03-07","purchased_purges":1,"victory":false,"max_hp_per_floor":[64,64,64,64,64,64,64,64,64,64,64,64,64,64,64,64],"relic_stats":{"Happy Flower":[5],"counters":[10,44],"Kunai":[1],"Smiling Mask":25,"obtain_stats":[{"Potion Belt":14,"Happy Flower":9,"Kunai":11,"Cracked Core":0,"Smiling Mask":7},{"Potion Belt":9,"Happy Flower":6,"Kunai":8,"Cracked Core":0,"Smiling Mask":5},{"Potion Belt":41,"Happy Flower":27,"Kunai":34,"Cracked Core":0,"Smiling Mask":21}]},"card_choices":[{"not_picked":["Core Surge","Amplify"],"picked":"Fission","floor":0.0},{"not_picked":["Capacitor","Gash"],"picked":"Go for the Eyes","floor":1.0},{"not_picked":["Stack","Darkness"],"picked":"Sweeping Beam","floor":2.0},{"not_picked":["Capacitor","Go for the Eyes"],"picked":"Chaos","floor":4.0},{"not_picked":["Beam Cell","Redo"],"picked":"Ball Lightning","floor":5.0},{"not_picked":["Rebound","Leap"],"picked":"FTL","floor":7.0},{"not_picked":["Stack","Ball Lightning"],"picked":"Defragment","floor":8.0},{"not_picked":["Undo","FTL"],"picked":"Stack","floor":10.0},{"not_picked":["Barrage","Turbo"],"picked":"Thunder Strike","floor":11},{"not_picked":["Stack","Chaos"],"picked":"Seek","floor":14}],"player_experience":756796,"relics_obtained":[{"floor":7.0,"key":"Smiling Mask"},{"floor":9.0,"key":"Happy Flower"},{"floor":11,"key":"Kunai"},{"floor":14,"key":"Potion Belt"}],"event_choices":[{"damage_healed":0.0,"max_hp_gain":0.0,"max_hp_loss":0.0,"gold_gain":50.0,"event_name":"FaceTrader","player_choice":"Touch","floor":3.0,"gold_loss":0.0,"damage_taken":6.0}],"is_beta":false,"boss_relics":[],"items_purged_floors":[12],"is_endless":false,"potions_floor_spawned":[2,5,8],"killed_by":"Slime Boss","ascension_level":20}