{"gold_per_floor":[364,374,449,121,138,138,38,68,113,113,113,147,159,181,193,276,288,320,351,363,385,415,427,474,497,509,551,580,592,123,159,159,239,239,266,266,280,299,317,317,358,358,384,259,271,309,137,171,171,171,171,171,171,21,53,53],"floor_reached":57,"playtime":5205,"items_purged":["Strike_B","Defend_B","Strike_B","Strike_B"],"score":2841,"play_id":"2fb7fff5-5e76-4bcf-b111-be366ed656f4","local_time":"20220414035109","is_ascension_mode":true,"campfire_choices":[{"data":"Coolheaded","floor":6.0,"key":"SMITH"},{"data":"Darkness","floor":10.0,"key":"SMITH"},{"data":"Dualcast","floor":13.0,"key":"SMITH"},{"data":"Self Repair","floor":15.0,"key":"SMITH"},{"data":"Genetic Algorithm","floor":23.0,"key":"SMITH"},{"data":"Seek","floor":29.0,"key":"SMITH"},{"data":"Biased Cognition","floor":32.0,"key":"SMITH"},{"data":"Apotheosis","floor":40.0,"key":"SMITH"},{"data":"Seek","floor":42.0,"key":"SMITH"},{"floor":49.0,"key":"RECALL"},{"data":"Echo Form","floor":53.0,"key":"SMITH"}],"neow_cost":"TEN_PERCENT_HP_LOSS","seed_source_timestamp":416826350099680,"circlet_count":0,"master_deck":["AscendersBane","Strike_B","Defend_B","Defend_B","Zap","Dualcast+1","Cold Snap","Go for the Eyes","Self Repair+1","Coolheaded+1","Darkness+1","Rainbow","Core Surge","Chill","Biased Cognition+1","Lockon","Conserve Battery","Fusion","Genetic Algorithm+1","Seek+1","Leap+1","Conserve Battery+1","Biased Cognition","Seek+1","Echo Form+1","Capacitor","Steam Power","Finesse","Apotheosis+1","Capacitor+1","Glacier"],"special_seed":0,"relics":["Cracked Core","OrangePellets","Orichalcum","MawBank","Runic Pyramid","Strawberry","Molten Egg 2","Bag of Marbles","Bird Faced Urn","DollysMirror","CeramicFish","Coffee Dripper","Prayer Wheel","Happy Flower","InkBottle","Frozen Eye","Ornamental Fan"],"potions_floor_usage":[56,56],"damage_taken":[{"damage":4.0,"enemies":"2 Louse","floor":1.0,"turns":3.0},{"damage":0.0,"enemies":"Jaw Worm","floor":2.0,"turns":5.0},{"damage":0.0,"enemies":"Cultist","floor":5.0,"turns":3.0},{"damage":5.0,"enemies":"Lagavulin","floor":8.0,"turns":10.0},{"damage":36.0,"enemies":"Gremlin Nob","floor":12.0,"turns":4.0},{"damage":4.0,"enemies":"2 Fungi Beasts","floor":14.0,"turns":2.0},{"damage":23.0,"enemies":"Slime Boss","floor":16.0,"turns":10.0},{"damage":15.0,"enemies":"Shell Parasite","floor":18.0,"turns":5.0},{"damage":1.0,"enemies":"Spheric Guardian","floor":19.0,"turns":4.0},{"damage":3.0,"enemies":"Snecko","floor":21.0,"turns":6.0},{"damage":11.0,"enemies":"3 Cultists","floor":22.0,"turns":6.0},{"damage":28.0,"enemies":"Book of Stabbing","floor":24.0,"turns":6.0},{"damage":2.0,"enemies":"Cultist and Chosen","floor":25.0,"turns":7.0},{"damage":29.0,"enemies":"Gremlin Leader","floor":27.0,"turns":8.0},{"damage":0.0,"enemies":"Sentry and Sphere","floor":28.0,"turns":5.0},{"damage":27.0,"enemies":"Slavers","floor":31.0,"turns":6.0},{"damage":1.0,"enemies":"Automaton","floor":33.0,"turns":12.0},{"damage":0.0,"enemies":"Orb Walker","floor":35.0,"turns":3.0},{"damage":0.0,"enemies":"3 Shapes","floor":37.0,"turns":6.0},{"damage":5.0,"enemies":"3 Darklings","floor":38.0,"turns":8.0},{"damage":0.0,"enemies":"Giant Head","floor":41.0,"turns":6.0},{"damage":15.0,"enemies":"4 Shapes","floor":45.0,"turns":7.0},{"damage":11.0,"enemies":"Nemesis","floor":46.0,"turns":7.0},{"damage":23.0,"enemies":"Reptomancer","floor":48.0,"turns":8.0},{"damage":2.0,"enemies":"Time Eater","floor":50.0,"turns":8.0},{"damage":16.0,"enemies":"Awakened One","floor":51.0,"turns":11.0},{"damage":40.0,"enemies":"Shield and Spear","floor":55.0,"turns":9.0},{"damage":18,"enemies":"The Heart","floor":56,"turns":12}],"seed_played":"-1817718255683626782","potions_obtained":[{"floor":1.0,"key":"Fire Potion"},{"floor":8.0,"key":"Dexterity Potion"},{"floor":12.0,"key":"DuplicationPotion"},{"floor":24.0,"key":"SpeedPotion"},{"floor":25.0,"key":"LiquidBronze"},{"floor":31.0,"key":"Block Potion"},{"floor":33.0,"key":"EssenceOfSteel"},{"floor":46.0,"key":"EssenceOfSteel"},{"floor":55.0,"key":"GamblersBrew"}],"is_trial":false,"path_per_floor":["M","M","?","$","M","R","$","E","T","R","?","E","R","M","R","B",null,"M","M","?","M","M","R","E","M","T","E","M","R","$","E","R","B",null,"M","?","M","M","?","R","E","R","T","$","M","E","$","E","R","B","B",null,"R","$","E","B",null],"character_chosen":"DEFECT","items_purchased":["Self Repair","OrangePellets","Bird Faced Urn","DollysMirror","Frozen Eye"],"campfire_rested":0,"item_purchase_floors":[4,4,30,30,47],"current_hp_per_floor":[60,60,49,49,56,56,56,58,58,58,58,29,29,32,32,9,50,45,54,54,61,60,60,49,57,57,38,48,48,48,25,25,40,63,71,71,71,71,61,61,71,71,71,71,71,71,71,71,71,71,71,71,71,71,67,71],"gold":53,"neow_bonus":"TWO_FIFTY_GOLD","is_prod":false,"is_daily":false,"chose_seed":false,"campfire_upgraded":10,"win_rate":0,"timestamp":1649933469,"path_taken":["M","M","?","?","M","R","$","E","T","R","?","E","R","M","R","BOSS","M","?","?","M","M","R","E","M","T","E","M","R","$","E","R","BOSS","M","?","?","?","?","R","E","R","T","$","M","E","?","E","R","BOSS","BOSS","R","$","E","BOSS"],"build_version":"2022-03-07","purchased_purges":4,"victory":true,"max_hp_per_floor":[64,64,64,64,64,64,64,64,64,64,64,64,64,64,64,64,64,64,64,64,64,64,64,71,71,71,71,71,71,71,71,71,71,71,71,71,71,71,71,71,71,71,71,71,71,71,71,71,71,71,71,71,71,71,71,71],"relic_stats":{"OrangePellets":[41],"Frozen Eye":4.94632,"Happy Flower":[20],"counters":[28,187],"Ornamental Fan":[28],"Bird Faced Urn":[105],"CeramicFish":72,"Prayer Wheel":1,"Orichalcum":[156],"MawBank":216,"obtain_stats":[{"Happy Flower":43,"CeramicFish":31,"Orichalcum":8,"MawBank":12,"OrangePellets":4,"Frozen Eye":47,"DollysMirror":30,"Ornamental Fan":48,"Strawberry":24,"Bird Faced Urn":30,"Molten Egg 2":26,"Prayer Wheel":41,"Bag of Marbles":27,"Coffee Dripper":34,"Cracked Core":0,"InkBottle":46,"Runic Pyramid":17},{"Happy Flower":21,"CeramicFish":16,"Orichalcum":4,"MawBank":5,"OrangePellets":2,"Frozen Eye":23,"DollysMirror":15,"Ornamental Fan":24,"Strawberry":12,"Bird Faced Urn":15,"Molten Egg 2":13,"Prayer Wheel":21,"Bag of Marbles":14,"Coffee Dripper":17,"Cracked Core":0,"InkBottle":23,"Runic Pyramid":7},{"Happy Flower":125,"CeramicFish":90,"Orichalcum":21,"MawBank":25,"OrangePellets":8,"Frozen Eye":139,"DollysMirror":84,"Ornamental Fan":147,"Strawberry":64,"Bird Faced Urn":84,"Molten Egg 2":71,"Prayer Wheel":125,"Bag of Marbles":79,"Coffee Dripper":102,"Cracked Core":0,"InkBottle":139,"Runic Pyramid":37}],"InkBottle":[27]},"card_choices":[{"not_picked":["Defragment","Conserve Battery"],"picked":"Cold Snap","floor":1.0},{"not_picked":["Blizzard","Leap"],"picked":"Go for the Eyes","floor":2.0},{"not_picked":["Gash","Hologram"],"picked":"Coolheaded","floor":5.0},{"not_picked":["Streamline","Amplify"],"picked":"Darkness","floor":8.0},{"not_picked":["Coolheaded","Streamline"],"picked":"Core Surge","floor":12.0},{"not_picked":["Barrage","Sweeping Beam"],"picked":"Chill","floor":14.0},{"not_picked":["Hyperbeam","Seek"],"picked":"Biased Cognition","floor":16.0},{"not_picked":["Reinforced Body","Hello World"],"picked":"Lockon","floor":18.0},{"not_picked":["Compile Driver","Barrage"],"picked":"Conserve Battery","floor":19.0},{"not_picked":["All For One","Barrage"],"picked":"Fusion","floor":21.0},{"not_picked":["Hologram","Coolheaded"],"picked":"Genetic Algorithm","floor":22.0},{"not_picked":["Glacier","Steam+1"],"picked":"Seek","floor":24.0},{"not_picked":["Cold Snap","Barrage","Beam Cell"],"picked":"SKIP","floor":25.0},{"not_picked":["Reinforced Body","Compile Driver+1"],"picked":"Leap+1","floor":27.0},{"not_picked":["Leap","Reinforced Body"],"picked":"Conserve Battery+1","floor":28.0},{"not_picked":["Streamline+1","Double Energy"],"picked":"Seek","floor":31.0},{"not_picked":["Amplify","Machine Learning"],"picked":"Echo Form","floor":33.0},{"not_picked":["Coolheaded+1","Loop"],"picked":"Capacitor","floor":35.0},{"not_picked":["Sweeping Beam+1","Turbo","Coolheaded"],"picked":"SKIP","floor":37.0},{"not_picked":["Glacier","Hello World+1"],"picked":"Steam Power","floor":38.0},{"not_picked":["Impatience","Magnetism"],"picked":"Finesse","floor":39.0},{"not_picked":["Chrysalis","Dramatic Entrance+1"],"picked":"Apotheosis","floor":39.0},{"not_picked":["Amplify","Heatsinks"],"picked":"Capacitor+1","floor":41.0},{"not_picked":["Sweeping Beam+1","Coolheaded+1","Steam"],"picked":"SKIP","floor":45.0},{"not_picked":["Steam","Conserve Battery+1","Coolheaded+1"],"picked":"SKIP","floor":45.0},{"not_picked":["Conserve Battery+1","Cold Snap+1","Glacier"],"picked":"SKIP","floor":46.0},{"not_picked":["Conserve Battery+1","Cold Snap+1"],"picked":"Glacier","floor":46.0},{"not_picked":["Streamline+1","Hologram","Steam Power"],"picked":"SKIP","floor":48.0},{"not_picked":["Meteor Strike+1","Sweeping Beam+1","Conserve Battery"],"picked":"SKIP","floor":55.0}],"player_experience":758131,"relics_obtained":[{"floor":8.0,"key":"Orichalcum"},{"floor":12.0,"key":"MawBank"},{"floor":24.0,"key":"Strawberry"},{"floor":26.0,"key":"Molten Egg 2"},{"floor":27.0,"key":"Bag of Marbles"},{"floor":31.0,"key":"CeramicFish"},{"floor":41.0,"key":"Prayer Wheel"},{"floor":43.0,"key":"Happy Flower"},{"floor":46.0,"key":"InkBottle"},{"floor":48.0,"key":"Ornamental Fan"}],"event_choices":[{"damage_healed":0.0,"max_hp_gain":0.0,"max_hp_loss":0.0,"gold_gain":75.0,"event_name":"World of Goop","player_choice":"Gather Gold","floor":3.0,"gold_loss":0.0,"damage_taken":11.0},{"damage_healed":0.0,"max_hp_gain":0.0,"max_hp_loss":0.0,"gold_gain":0.0,"cards_transformed":["Defend_B"],"event_name":"Transmorgrifier","player_choice":"Transformed","floor":11.0,"gold_loss":0.0,"damage_taken":0.0,"cards_obtained":["Rainbow"]},{"damage_healed":0.0,"max_hp_gain":0.0,"max_hp_loss":0.0,"gold_gain":0.0,"event_name":"Cursed Tome","player_choice":"Ignored","floor":20.0,"gold_loss":0.0,"damage_taken":0.0},{"damage_healed":0.0,"max_hp_gain":0.0,"max_hp_loss":0.0,"gold_gain":0.0,"event_name":"Lab","player_choice":"Got Potions","floor":36.0,"gold_loss":0.0,"damage_taken":0.0},{"damage_healed":0.0,"max_hp_gain":0.0,"max_hp_loss":0.0,"gold_gain":0.0,"event_name":"SensoryStone","player_choice":"Memory 3","floor":39.0,"gold_loss":0.0,"damage_taken":10.0}],"is_beta":false,"boss_relics":[{"not_picked":["SlaversCollar","Philosopher\u0027s Stone"],"picked":"Runic Pyramid"},{"not_picked":["Calling Bell","Astrolabe"],"picked":"Coffee Dripper"}],"items_purged_floors":[4,7,44,54],"is_endless":false,"potions_floor_spawned":[1,8,12,24,25,31,33,41,46,55],"ascension_level":20}