{"gold_per_floor":[109,109,109,34,34,65,65,98,124,140,156,174,174,187,187,261,261,278,7,0,10,20,54,54,54],"floor_reached":25,"playtime":2279,"items_purged":["Regret","Defend_B"],"score":462,"play_id":"8b5c2a74-413a-47f2-904d-5c9f28427e27","local_time":"20220414194250","is_ascension_mode":true,"campfire_choices":[{"data":"Genetic Algorithm","floor":7.0,"key":"SMITH"},{"floor":15.0,"key":"REST"},{"floor":24.0,"key":"REST"}],"neow_cost":"NONE","seed_source_timestamp":0,"circlet_count":0,"master_deck":["AscendersBane","Strike_B+1","Strike_B+1","Strike_B+1","Defend_B","Defend_B","Defend_B+1","Zap","Dualcast","Rebound","Meteor Strike","Genetic Algorithm+1","Steam Power","Sweeping Beam","Stack","Leap","Coolheaded","Echo Form","Glacier","Turbo"],"special_seed":0,"relics":["Cracked Core","PreservedInsect","Oddly Smooth Stone","Bird Faced Urn","Whetstone","Centennial Puzzle","Singing Bowl","Fusion Hammer","Strange Spoon","Darkstone Periapt"],"potions_floor_usage":[25],"damage_taken":[{"damage":8.0,"enemies":"Small Slimes","floor":1.0,"turns":3.0},{"damage":2.0,"enemies":"Gremlin Nob","floor":6.0,"turns":3.0},{"damage":23.0,"enemies":"3 Sentries","floor":8.0,"turns":7.0},{"damage":0.0,"enemies":"2 Louse","floor":10.0,"turns":3.0},{"damage":6.0,"enemies":"Jaw Worm","floor":11.0,"turns":3.0},{"damage":0.0,"enemies":"Large Slime","floor":12.0,"turns":4.0},{"damage":2.0,"enemies":"Exordium Wildlife","floor":14.0,"turns":7.0},{"damage":19.0,"enemies":"The Guardian","floor":16.0,"turns":20.0},{"damage":7.0,"enemies":"2 Thieves","floor":18.0,"turns":4.0},{"damage":13.0,"enemies":"Shell Parasite","floor":21.0,"turns":7.0},{"damage":4.0,"enemies":"Snake Plant","floor":22.0,"turns":14.0},{"damage":35.0,"enemies":"Gremlin Leader","floor":23.0,"turns":8.0},{"damage":35,"enemies":"Slavers","floor":25,"turns":3}],"seed_played":"-1882814036473084358","potions_obtained":[{"floor":11.0,"key":"DuplicationPotion"},{"floor":12.0,"key":"FearPotion"},{"floor":14.0,"key":"Swift Potion"},{"floor":21.0,"key":"SteroidPotion"},{"floor":23.0,"key":"SneckoOil"}],"is_trial":false,"path_per_floor":["M","?","?","$","?","E","R","E","T","M","M","M","T","M","R","B",null,"M","$","?","M","M","E","R","E"],"character_chosen":"DEFECT","items_purchased":["Strange Spoon"],"campfire_rested":2,"item_purchase_floors":[19],"current_hp_per_floor":[56,56,35,35,35,33,33,10,10,10,4,4,4,2,23,4,54,49,49,49,38,38,5,27,0],"gold":54,"neow_bonus":"RANDOM_COMMON_RELIC","is_prod":false,"is_daily":false,"chose_seed":false,"campfire_upgraded":1,"win_rate":0,"timestamp":1649990570,"path_taken":["M","?","?","$","?","E","R","E","T","M","M","M","?","?","R","BOSS","M","$","?","M","M","E","R","E"],"build_version":"2022-03-07","purchased_purges":2,"victory":false,"max_hp_per_floor":[71,71,71,71,71,71,71,71,71,71,71,71,71,71,71,71,71,73,73,73,73,75,75,75,75],"relic_stats":{"Darkstone Periapt":0,"Strange Spoon":[4],"Centennial Puzzle":[24],"Singing Bowl":4,"counters":[13,86],"Bird Faced Urn":[8],"PreservedInsect":143,"Whetstone":["Strike_B","Strike_B"],"obtain_stats":[{"Darkstone Periapt":23,"Strange Spoon":19,"Centennial Puzzle":9,"Singing Bowl":13,"Bird Faced Urn":6,"Oddly Smooth Stone":2,"PreservedInsect":0,"Fusion Hammer":17,"Whetstone":8,"Cracked Core":0},{"Darkstone Periapt":12,"Strange Spoon":9,"Centennial Puzzle":3,"Singing Bowl":6,"Bird Faced Urn":2,"Oddly Smooth Stone":1,"PreservedInsect":0,"Fusion Hammer":8,"Whetstone":3,"Cracked Core":0},{"Darkstone Periapt":83,"Strange Spoon":54,"Centennial Puzzle":13,"Singing Bowl":23,"Bird Faced Urn":6,"Oddly Smooth Stone":3,"PreservedInsect":0,"Fusion Hammer":50,"Whetstone":13,"Cracked Core":0}]},"card_choices":[{"not_picked":["Stack","Rip and Tear"],"picked":"Rebound","floor":1.0},{"not_picked":["Meteor Strike","Rebound"],"picked":"Genetic Algorithm","floor":6.0},{"not_picked":["Meteor Strike","Blizzard"],"picked":"Steam Power","floor":8.0},{"not_picked":["Rebound","Barrage"],"picked":"Sweeping Beam","floor":10.0},{"not_picked":["Barrage","Steam Power"],"picked":"Stack","floor":11.0},{"not_picked":["Skim","Sweeping Beam"],"picked":"Leap","floor":12.0},{"not_picked":["Scrape","Sweeping Beam"],"picked":"Coolheaded","floor":14.0},{"not_picked":["Seek","Reboot"],"picked":"Echo Form","floor":16.0},{"not_picked":["Cold Snap","Lockon","Streamline"],"picked":"Singing Bowl","floor":18.0},{"not_picked":["Hello World","Scrape"],"picked":"Glacier","floor":21.0},{"not_picked":["Auto Shields","Barrage","Chill+1"],"picked":"Singing Bowl","floor":22.0},{"not_picked":["Hello World","Beam Cell+1"],"picked":"Turbo","floor":23.0}],"player_experience":772176,"relics_obtained":[{"floor":6.0,"key":"Bird Faced Urn"},{"floor":8.0,"key":"Whetstone"},{"floor":9.0,"key":"Centennial Puzzle"},{"floor":13.0,"key":"Singing Bowl"},{"floor":23.0,"key":"Darkstone Periapt"}],"event_choices":[{"damage_healed":0.0,"max_hp_gain":0.0,"max_hp_loss":0.0,"gold_gain":0.0,"event_name":"Big Fish","player_choice":"Box","floor":2.0,"gold_loss":0.0,"damage_taken":0.0,"relics_obtained":["Oddly Smooth Stone"],"cards_obtained":["Regret"]},{"damage_healed":0.0,"max_hp_gain":0.0,"max_hp_loss":0.0,"gold_gain":0.0,"event_name":"Shining Light","player_choice":"Entered Light","floor":3.0,"gold_loss":0.0,"damage_taken":21.0,"cards_upgraded":["Defend_B","Strike_B"]},{"damage_healed":0.0,"max_hp_gain":0.0,"max_hp_loss":0.0,"gold_gain":0.0,"cards_transformed":["Strike_B"],"event_name":"Living Wall","player_choice":"Change","floor":5.0,"gold_loss":0.0,"damage_taken":0.0,"cards_obtained":["Meteor Strike"]},{"damage_healed":0.0,"max_hp_gain":0.0,"max_hp_loss":0.0,"gold_gain":0.0,"event_name":"Masked Bandits","player_choice":"Paid Fearfully","floor":20.0,"gold_loss":7.0,"damage_taken":0.0}],"is_beta":false,"boss_relics":[{"not_picked":["Velvet Choker","Philosopher\u0027s Stone"],"picked":"Fusion Hammer"}],"items_purged_floors":[4,19],"is_endless":false,"potions_floor_spawned":[11,12,14,21,23],"killed_by":"Slavers","ascension_level":20}