{"gold_per_floor":[110,110,110,185,199,199,230,246,246,256,256,308,308,336,336,412,412,431,446,256,267,267,267,283,283,307,307,319,319,337,13,13,89,89,100,100,115,125,140,175,190,223,247,247,259,36,70,82,94,106,118,130,142,68,102,102],"floor_reached":56,"playtime":6200,"items_purged":["Strike_B","Writhe"],"score":1944,"play_id":"25abd3ae-cd05-44bf-b64f-b01a5b2a38dd","local_time":"20220414130301","is_ascension_mode":true,"campfire_choices":[{"data":"Melter","floor":6.0,"key":"SMITH"},{"floor":11.0,"key":"REST"},{"floor":15.0,"key":"REST"},{"data":"Darkness","floor":23.0,"key":"SMITH"},{"floor":29.0,"key":"REST"},{"floor":32.0,"key":"REST"},{"floor":44.0,"key":"RECALL"},{"floor":49.0,"key":"REST"},{"floor":53.0,"key":"REST"}],"neow_cost":"NONE","seed_source_timestamp":448511002632136,"circlet_count":0,"master_deck":["AscendersBane","Strike_B+1","Defend_B","Defend_B+1","Defend_B","Defend_B","Zap","Dualcast","Melter+1","Reinforced Body","Coolheaded","Conserve Battery","Doom and Gloom","Echo Form","Darkness+1","Fusion","Redo","Meteor Strike","Doom and Gloom","Turbo","Reboot","Go for the Eyes","Double Energy","Glacier+1","FTL+1","Creative AI","Go for the Eyes+1"],"special_seed":0,"relics":["Runic Pyramid","InkBottle","The Courier","Akabeko","Letter Opener","SacredBark","OrangePellets","Bag of Marbles","Blood Vial","Anchor","PreservedInsect","Fusion Hammer","Omamori","Strawberry","Centennial Puzzle","White Beast Statue","MawBank","CaptainsWheel"],"potions_floor_usage":[56,56],"damage_taken":[{"damage":3.0,"enemies":"2 Louse","floor":1.0,"turns":2.0},{"damage":0.0,"enemies":"Jaw Worm","floor":5.0,"turns":3.0},{"damage":13.0,"enemies":"Lagavulin","floor":7.0,"turns":7.0},{"damage":0.0,"enemies":"Cultist","floor":8.0,"turns":4.0},{"damage":1.0,"enemies":"Blue Slaver","floor":10.0,"turns":3.0},{"damage":22.0,"enemies":"Gremlin Nob","floor":14.0,"turns":4.0},{"damage":17.0,"enemies":"Slime Boss","floor":16.0,"turns":15.0},{"damage":1.0,"enemies":"Chosen","floor":18.0,"turns":5.0},{"damage":13.0,"enemies":"3 Byrds","floor":19.0,"turns":5.0},{"damage":5.0,"enemies":"Snecko","floor":21.0,"turns":6.0},{"damage":25.0,"enemies":"Centurion and Healer","floor":24.0,"turns":7.0},{"damage":12.0,"enemies":"Chosen and Byrds","floor":28.0,"turns":5.0},{"damage":17.0,"enemies":"Cultist and Chosen","floor":30.0,"turns":5.0},{"damage":25.0,"enemies":"Automaton","floor":33.0,"turns":8.0},{"damage":24.0,"enemies":"3 Darklings","floor":35.0,"turns":6.0},{"damage":12.0,"enemies":"3 Shapes","floor":37.0,"turns":4.0},{"damage":28.0,"enemies":"Writhing Mass","floor":38.0,"turns":7.0},{"damage":6.0,"enemies":"Spire Growth","floor":39.0,"turns":4.0},{"damage":0.0,"enemies":"Nemesis","floor":40.0,"turns":5.0},{"damage":0.0,"enemies":"4 Shapes","floor":41.0,"turns":6.0},{"damage":20.0,"enemies":"Reptomancer","floor":42.0,"turns":5.0},{"damage":4.0,"enemies":"Writhing Mass","floor":45.0,"turns":11.0},{"damage":13.0,"enemies":"Giant Head","floor":47.0,"turns":8.0},{"damage":17.0,"enemies":"Awakened One","floor":50.0,"turns":20.0},{"damage":25.0,"enemies":"Donu and Deca","floor":51.0,"turns":13.0},{"damage":65.0,"enemies":"Shield and Spear","floor":55.0,"turns":6.0},{"damage":16,"enemies":"The Heart","floor":56,"turns":5}],"seed_played":"-7648222104118911893","potions_obtained":[{"floor":7.0,"key":"FocusPotion"},{"floor":13.0,"key":"Strength Potion"},{"floor":14.0,"key":"SteroidPotion"},{"floor":24.0,"key":"EssenceOfDarkness"},{"floor":30.0,"key":"FairyPotion"},{"floor":35.0,"key":"SteroidPotion"},{"floor":41.0,"key":"Weak Potion"},{"floor":45.0,"key":"Block Potion"},{"floor":47.0,"key":"SpeedPotion"},{"floor":55.0,"key":"SpeedPotion"}],"is_trial":false,"path_per_floor":["M","?","?","?","M","R","E","M","T","M","R","T","?","E","R","B",null,"M","M","$","M","?","R","M","?","T","?","M","R","M","$","R","B",null,"M","?","M","M","M","E","M","E","T","R","M","$","E","$","R","B","B",null,"R","$","E","B"],"character_chosen":"DEFECT","items_purchased":["OrangePellets","Anchor","PreservedInsect","White Beast Statue","Dexterity Potion","SteroidPotion"],"campfire_rested":6,"item_purchase_floors":[20,31,31,46,54,54],"current_hp_per_floor":[61,56,35,24,24,24,11,11,11,10,31,31,31,9,30,13,57,56,43,43,38,38,38,13,13,13,13,3,24,9,9,30,7,55,33,33,23,42,38,40,42,31,31,31,29,29,18,18,41,26,3,59,78,78,13,0],"gold":102,"neow_bonus":"BOSS_RELIC","is_prod":false,"is_daily":false,"chose_seed":false,"campfire_upgraded":2,"win_rate":0,"timestamp":1649966581,"path_taken":["M","?","?","?","M","R","E","?","T","M","R","?","?","E","R","BOSS","M","?","$","M","?","R","M","?","T","?","M","R","M","$","R","BOSS","M","?","M","M","M","E","M","E","T","R","M","$","E","$","R","BOSS","BOSS","R","$","E","BOSS"],"build_version":"2022-03-07","purchased_purges":2,"victory":false,"max_hp_per_floor":[71,71,71,71,71,71,71,71,71,71,71,71,71,71,71,71,71,71,71,71,71,71,71,71,71,71,71,71,71,71,71,71,71,71,71,71,71,71,71,71,71,78,78,78,78,78,78,78,78,78,78,78,78,78,78,78],"relic_stats":{"Blood Vial":30,"OrangePellets":[11],"Centennial Puzzle":[15],"counters":[27,179],"The Courier":207,"PreservedInsect":317,"Omamori":0,"Letter Opener":[535],"MawBank":84,"obtain_stats":[{"SacredBark":17,"The Courier":7,"PreservedInsect":31,"Omamori":40,"Letter Opener":14,"MawBank":47,"Akabeko":9,"White Beast Statue":46,"Blood Vial":27,"OrangePellets":20,"Anchor":31,"Centennial Puzzle":43,"CaptainsWheel":55,"Strawberry":42,"Fusion Hammer":34,"Bag of Marbles":26,"Cracked Core":0,"InkBottle":2,"Runic Pyramid":0},{"SacredBark":7,"The Courier":3,"PreservedInsect":13,"Omamori":19,"Letter Opener":6,"MawBank":23,"Akabeko":4,"White Beast Statue":22,"Blood Vial":11,"OrangePellets":9,"Anchor":13,"Centennial Puzzle":21,"CaptainsWheel":26,"Strawberry":21,"Fusion Hammer":14,"Bag of Marbles":11,"Cracked Core":0,"InkBottle":1,"Runic Pyramid":0},{"SacredBark":38,"The Courier":12,"PreservedInsect":71,"Omamori":105,"Letter Opener":23,"MawBank":135,"Akabeko":16,"White Beast Statue":127,"Blood Vial":61,"OrangePellets":48,"Anchor":71,"Centennial Puzzle":116,"CaptainsWheel":174,"Strawberry":116,"Fusion Hammer":79,"Bag of Marbles":61,"Cracked Core":0,"InkBottle":2,"Runic Pyramid":0}],"InkBottle":[67],"White Beast Statue":[0.0,0.0,0.0,0.4,0.0,0.6000000000000001,0.0,0.0,0.0,0.0,0.0,0.8]},"card_choices":[{"not_picked":["Beam Cell","Tempest"],"picked":"Melter","floor":1.0},{"not_picked":["Static Discharge","Hologram"],"picked":"Reinforced Body","floor":5.0},{"not_picked":["Aggregate","Skim"],"picked":"Coolheaded","floor":7.0},{"not_picked":["Gash","All For One"],"picked":"Coolheaded","floor":8.0},{"not_picked":["Steam","Barrage"],"picked":"Conserve Battery","floor":10.0},{"not_picked":["Storm","Sweeping Beam"],"picked":"Doom and Gloom","floor":14.0},{"not_picked":["Biased Cognition","Meteor Strike"],"picked":"Echo Form","floor":16.0},{"not_picked":["Lockon","Hologram"],"picked":"Darkness","floor":18.0},{"not_picked":["Leap","Blizzard","Scrape"],"picked":"SKIP","floor":19.0},{"not_picked":["Sweeping Beam","Beam Cell"],"picked":"Fusion","floor":21.0},{"not_picked":["Rip and Tear","Rebound"],"picked":"Redo","floor":24.0},{"not_picked":["Stack","Gash","Sweeping Beam"],"picked":"SKIP","floor":28.0},{"not_picked":["Chaos","Steam"],"picked":"Turbo","floor":30.0},{"not_picked":["Thunder Strike","Core Surge"],"picked":"Reboot","floor":33.0},{"not_picked":["Hologram","Cold Snap"],"picked":"Go for the Eyes","floor":35.0},{"not_picked":["Leap","Scrape+1","Ball Lightning"],"picked":"SKIP","floor":37.0},{"not_picked":["Ball Lightning","Hello World+1"],"picked":"Double Energy","floor":38.0},{"not_picked":["Force Field","Leap"],"picked":"Glacier+1","floor":39.0},{"not_picked":["Compile Driver+1","Go for the Eyes"],"picked":"FTL+1","floor":40.0},{"not_picked":["FTL","Rebound","Aggregate"],"picked":"SKIP","floor":41.0},{"not_picked":["Aggregate","Coolheaded"],"picked":"Creative AI","floor":42.0},{"not_picked":["Beam Cell+1","Stack","Gash+1"],"picked":"SKIP","floor":45.0},{"not_picked":["Hello World","Doom and Gloom+1"],"picked":"Go for the Eyes+1","floor":47.0},{"not_picked":["Skim","Sweeping Beam","Go for the Eyes"],"picked":"SKIP","floor":55.0}],"player_experience":764560,"relics_obtained":[{"floor":7.0,"key":"The Courier"},{"floor":9.0,"key":"Akabeko"},{"floor":14.0,"key":"Letter Opener"},{"floor":26.0,"key":"Bag of Marbles"},{"floor":40.0,"key":"Omamori"},{"floor":42.0,"key":"Strawberry"},{"floor":43.0,"key":"Centennial Puzzle"},{"floor":47.0,"key":"MawBank"},{"floor":55.0,"key":"CaptainsWheel"}],"event_choices":[{"damage_healed":0.0,"max_hp_gain":0.0,"max_hp_loss":0.0,"gold_gain":0.0,"event_name":"Scrap Ooze","player_choice":"Success","floor":2.0,"gold_loss":0.0,"damage_taken":5.0,"relics_obtained":["InkBottle"]},{"damage_healed":0.0,"max_hp_gain":0.0,"max_hp_loss":0.0,"gold_gain":0.0,"event_name":"Shining Light","player_choice":"Entered Light","floor":3.0,"gold_loss":0.0,"damage_taken":21.0,"cards_upgraded":["Defend_B","Strike_B"]},{"damage_healed":0.0,"max_hp_gain":0.0,"max_hp_loss":0.0,"gold_gain":75.0,"event_name":"World of Goop","player_choice":"Gather Gold","floor":4.0,"gold_loss":0.0,"damage_taken":11.0},{"damage_healed":0.0,"max_hp_gain":0.0,"max_hp_loss":0.0,"gold_gain":0.0,"event_name":"Lab","player_choice":"Got Potions","floor":13.0,"gold_loss":0.0,"damage_taken":0.0},{"damage_healed":0.0,"max_hp_gain":0.0,"max_hp_loss":0.0,"gold_gain":0.0,"event_name":"Cursed Tome","player_choice":"Ignored","floor":22.0,"gold_loss":0.0,"damage_taken":0.0},{"damage_healed":0.0,"max_hp_gain":0.0,"max_hp_loss":0.0,"gold_gain":0.0,"cards_transformed":["Strike_B","Strike_B"],"event_name":"Drug Dealer","player_choice":"Became Test Subject","floor":25.0,"gold_loss":0.0,"damage_taken":0.0,"cards_obtained":["Meteor Strike","Doom and Gloom"]},{"damage_healed":0.0,"max_hp_gain":0.0,"max_hp_loss":0.0,"gold_gain":0.0,"event_name":"The Mausoleum","player_choice":"Opened","floor":27.0,"gold_loss":0.0,"damage_taken":0.0,"relics_obtained":["Blood Vial"],"cards_obtained":["Writhe"]},{"cards_removed":["Coolheaded"],"damage_healed":0.0,"max_hp_gain":0.0,"max_hp_loss":0.0,"gold_gain":0.0,"event_name":"Falling","player_choice":"Removed Skill","floor":36.0,"gold_loss":0.0,"damage_taken":0.0}],"is_beta":false,"boss_relics":[{"not_picked":["Snecko Eye","Busted Crown"],"picked":"SacredBark"},{"not_picked":["Sozu","Tiny House"],"picked":"Fusion Hammer"}],"items_purged_floors":[20,31],"is_endless":false,"potions_floor_spawned":[7,14,19,24,30,35,37,41,45,47,55],"killed_by":"The Heart","ascension_level":20}