{"gold_per_floor":[118,68,68,8,8,33,48,48,48,61,75,104,119,151,151,252,252,262,59,59,59,69,69,100,100,127,156,56,69,69,102,111,216,216,243,243,243,243,1,41,50,92,92,117,148,172,196,212,212,212],"floor_reached":51,"playtime":2823,"items_purged":["Defend_B","Strike_B","Strike_B","Strike_B"],"score":1003,"play_id":"b17be34b-8dc2-4f07-94e8-0e9a09793728","local_time":"20220425182632","is_ascension_mode":true,"campfire_choices":[{"data":"Sweeping Beam","floor":8.0,"key":"SMITH"},{"data":"Beam Cell","floor":15.0,"key":"SMITH"},{"data":"Go for the Eyes","floor":23.0,"key":"SMITH"},{"data":"Leap","floor":25.0,"key":"SMITH"},{"floor":32.0,"key":"REST"},{"floor":41.0,"key":"REST"},{"data":"Coolheaded","floor":49.0,"key":"SMITH"}],"neow_cost":"NONE","seed_source_timestamp":0,"circlet_count":0,"master_deck":["Defend_B","Defend_B","Defend_B","Zap","Dualcast","Compile Driver","Sweeping Beam+1","Gash","Go for the Eyes+1","Leap+1","Beam Cell+1","Gash","Gash","Gash+1","Leap","Steam+1","Coolheaded+1","Coolheaded+1","Gash+1","Conserve Battery+1","Conserve Battery"],"special_seed":0,"relics":["Cracked Core","NeowsBlessing","The Courier","Dream Catcher","Bottled Flame","Mango","Ginger","Nuclear Battery","DollysMirror","MutagenicStrength","Juzu Bracelet","PreservedInsect","Molten Egg 2","Nilry\u0027s Codex","CeramicFish","Runic Pyramid","Gremlin Horn","TheAbacus","Ornamental Fan","Anchor","Prayer Wheel","Smiling Mask"],"potions_floor_usage":[50],"damage_taken":[{"damage":0.0,"enemies":"Jaw Worm","floor":1.0,"turns":1.0},{"damage":0.0,"enemies":"Gremlin Nob","floor":6.0,"turns":1.0},{"damage":0.0,"enemies":"Cultist","floor":7.0,"turns":1.0},{"damage":6.0,"enemies":"Small Slimes","floor":10.0,"turns":2.0},{"damage":3.0,"enemies":"2 Fungi Beasts","floor":11.0,"turns":3.0},{"damage":18.0,"enemies":"3 Sentries","floor":12.0,"turns":5.0},{"damage":1.0,"enemies":"Looter","floor":13.0,"turns":3.0},{"damage":16.0,"enemies":"Lagavulin","floor":14.0,"turns":6.0},{"damage":32.0,"enemies":"Slime Boss","floor":16.0,"turns":9.0},{"damage":11.0,"enemies":"Spheric Guardian","floor":18.0,"turns":4.0},{"damage":15.0,"enemies":"2 Thieves","floor":22.0,"turns":3.0},{"damage":7.0,"enemies":"Slavers","floor":24.0,"turns":3.0},{"damage":13.0,"enemies":"Gremlin Leader","floor":27.0,"turns":5.0},{"damage":15.0,"enemies":"Sentry and Sphere","floor":29.0,"turns":4.0},{"damage":7.0,"enemies":"Book of Stabbing","floor":31.0,"turns":3.0},{"damage":18.0,"enemies":"Champ","floor":33.0,"turns":6.0},{"damage":2.0,"enemies":"3 Shapes","floor":35.0,"turns":3.0},{"damage":44.0,"enemies":"Nemesis","floor":40.0,"turns":5.0},{"damage":0.0,"enemies":"Giant Head","floor":42.0,"turns":6.0},{"damage":0.0,"enemies":"Orb Walker","floor":44.0,"turns":4.0},{"damage":0.0,"enemies":"Nemesis","floor":45.0,"turns":5.0},{"damage":3.0,"enemies":"Writhing Mass","floor":46.0,"turns":7.0},{"damage":0.0,"enemies":"3 Darklings","floor":47.0,"turns":6.0},{"damage":0.0,"enemies":"Jaw Worm Horde","floor":48.0,"turns":5.0},{"damage":33,"enemies":"Time Eater","floor":50,"turns":9}],"seed_played":"-1641473310760037201","potions_obtained":[{"floor":1.0,"key":"SteroidPotion"},{"floor":7.0,"key":"SteroidPotion"},{"floor":14.0,"key":"Dexterity Potion"},{"floor":16.0,"key":"Dexterity Potion"},{"floor":22.0,"key":"GamblersBrew"},{"floor":27.0,"key":"DuplicationPotion"},{"floor":33.0,"key":"Explosive Potion"},{"floor":35.0,"key":"SteroidPotion"},{"floor":48.0,"key":"Fire Potion"}],"is_trial":false,"path_per_floor":["M","?","T","$","?","E","M","R","T","M","M","E","M","E","R","B",null,"M","$","?","?","M","R","E","R","T","E","$","M","?","E","R","B",null,"M","?","T","?","$","E","R","E","T","M","E","M","M","M","R","B",null],"character_chosen":"DEFECT","items_purchased":["DollysMirror","TheAbacus"],"campfire_rested":2,"item_purchase_floors":[19,39],"current_hp_per_floor":[75,75,75,75,80,80,80,80,80,74,71,67,66,50,50,18,94,83,83,83,83,68,68,61,61,61,48,48,33,17,10,38,20,94,92,92,92,92,92,48,76,76,76,76,76,73,73,73,73,40],"gold":212,"neow_bonus":"THREE_ENEMY_KILL","is_prod":false,"is_daily":false,"chose_seed":false,"campfire_upgraded":5,"win_rate":0,"timestamp":1650929192,"path_taken":["M","?","?","$","?","E","?","R","T","M","?","E","M","E","R","BOSS","M","$","?","?","M","R","E","R","T","E","$","M","?","E","R","BOSS","M","?","?","?","$","E","R","E","T","M","E","M","M","M","R","BOSS"],"build_version":"2022-03-07","purchased_purges":4,"victory":true,"max_hp_per_floor":[75,75,75,75,80,80,80,80,80,80,80,94,94,94,94,94,94,94,94,94,94,94,94,94,94,94,94,94,94,94,94,94,94,94,94,94,94,94,94,94,94,94,94,94,94,94,94,94,94,94],"card_choices":[{"not_picked":["Double Energy","Streamline"],"picked":"Compile Driver","floor":1.0},{"not_picked":["Ball Lightning","Leap"],"picked":"Sweeping Beam","floor":6.0},{"not_picked":["Compile Driver","Cold Snap"],"picked":"Gash","floor":7.0},{"not_picked":["Static Discharge","Chaos","Redo"],"picked":"SKIP","floor":10.0},{"not_picked":["Sweeping Beam","Glacier"],"picked":"Go for the Eyes","floor":11.0},{"not_picked":["Stack","Seek"],"picked":"Leap","floor":12.0},{"not_picked":["Rebound","Steam"],"picked":"Beam Cell","floor":13.0},{"not_picked":["Aggregate","Rainbow","Beam Cell"],"picked":"SKIP","floor":14.0},{"not_picked":["Go for the Eyes","Sweeping Beam","Aggregate"],"picked":"SKIP","floor":18.0},{"not_picked":["Melter","Conserve Battery","Barrage"],"picked":"SKIP","floor":22.0},{"not_picked":["Conserve Battery","Multi-Cast","White Noise"],"picked":"SKIP","floor":24.0},{"not_picked":["Steam+1","Darkness+1","Chill+1"],"picked":"SKIP","floor":27.0},{"not_picked":["Sweeping Beam+1","Melter+1","Streamline+1"],"picked":"SKIP","floor":29.0},{"not_picked":["Fission","Genetic Algorithm+1","Barrage+1"],"picked":"SKIP","floor":31.0},{"not_picked":["Self Repair","Rip and Tear+1"],"picked":"Gash+1","floor":32.0},{"not_picked":["Beam Cell+1","Streamline+1"],"picked":"Leap","floor":35.0},{"not_picked":["Glacier+1","Echo Form"],"picked":"Steam+1","floor":40.0},{"not_picked":["Capacitor","Blizzard+1"],"picked":"Coolheaded","floor":41.0},{"not_picked":["All For One+1","Turbo"],"picked":"Coolheaded+1","floor":42.0},{"not_picked":["Hologram","Leap+1"],"picked":"Gash+1","floor":44.0},{"not_picked":["Hello World+1","Stack","Genetic Algorithm"],"picked":"SKIP","floor":44.0},{"not_picked":["Echo Form","Cold Snap+1","Barrage+1"],"picked":"SKIP","floor":45.0},{"not_picked":["Go for the Eyes+1","Coolheaded"],"picked":"Conserve Battery+1","floor":46.0},{"not_picked":["Turbo+1","Barrage+1","Ball Lightning+1"],"picked":"SKIP","floor":46.0},{"not_picked":["Sweeping Beam+1","Redo+1"],"picked":"Conserve Battery","floor":47.0},{"not_picked":["Skim","Defragment","BootSequence"],"picked":"SKIP","floor":47.0},{"not_picked":["Rip and Tear+1","Blizzard+1","Sweeping Beam+1"],"picked":"SKIP","floor":48.0},{"not_picked":["Sweeping Beam+1","Seek","Conserve Battery"],"picked":"SKIP","floor":48.0}],"player_experience":843401,"relics_obtained":[{"floor":3.0,"key":"The Courier"},{"floor":6.0,"key":"Dream Catcher"},{"floor":9.0,"key":"Bottled Flame"},{"floor":12.0,"key":"Mango"},{"floor":14.0,"key":"Ginger"},{"floor":24.0,"key":"Juzu Bracelet"},{"floor":26.0,"key":"PreservedInsect"},{"floor":27.0,"key":"Molten Egg 2"},{"floor":30.0,"key":"Nilry\u0027s Codex"},{"floor":31.0,"key":"CeramicFish"},{"floor":37.0,"key":"Gremlin Horn"},{"floor":40.0,"key":"Ornamental Fan"},{"floor":42.0,"key":"Anchor"},{"floor":43.0,"key":"Prayer Wheel"},{"floor":45.0,"key":"Smiling Mask"}],"event_choices":[{"cards_removed":["Strike_B"],"damage_healed":0.0,"max_hp_gain":0.0,"max_hp_loss":0.0,"gold_gain":0.0,"event_name":"The Cleric","player_choice":"Card Removal","floor":2.0,"gold_loss":50.0,"damage_taken":0.0},{"damage_healed":0.0,"max_hp_gain":5.0,"max_hp_loss":0.0,"gold_gain":0.0,"event_name":"Big Fish","player_choice":"Donut","floor":5.0,"gold_loss":0.0,"damage_taken":0.0},{"damage_healed":0.0,"max_hp_gain":0.0,"max_hp_loss":0.0,"gold_gain":0.0,"event_name":"Drug Dealer","player_choice":"Inject Mutagens","floor":20.0,"gold_loss":0.0,"damage_taken":0.0,"relics_obtained":["MutagenicStrength"]},{"damage_healed":0.0,"max_hp_gain":0.0,"max_hp_loss":0.0,"gold_gain":0.0,"event_name":"The Library","player_choice":"Read","floor":21.0,"gold_loss":0.0,"damage_taken":0.0,"cards_obtained":["Gash"]},{"damage_healed":0.0,"max_hp_gain":0.0,"max_hp_loss":0.0,"gold_gain":0.0,"event_name":"Cursed Tome","player_choice":"Obtained Book","floor":30.0,"gold_loss":0.0,"damage_taken":16.0},{"damage_healed":0.0,"max_hp_gain":0.0,"max_hp_loss":0.0,"gold_gain":0.0,"event_name":"Mysterious Sphere","player_choice":"Ignored","floor":36.0,"gold_loss":0.0,"damage_taken":0.0},{"damage_healed":0.0,"max_hp_gain":0.0,"max_hp_loss":0.0,"gold_gain":0.0,"event_name":"Tomb of Lord Red Mask","player_choice":"Ignored","floor":38.0,"gold_loss":0.0,"damage_taken":0.0}],"is_beta":false,"boss_relics":[{"not_picked":["Philosopher\u0027s Stone","Astrolabe"],"picked":"Nuclear Battery"},{"not_picked":["Calling Bell","Fusion Hammer"],"picked":"Runic Pyramid"}],"items_purged_floors":[4,19,28,39],"is_endless":false,"potions_floor_spawned":[1,7,14,16,22,27,33,35,45,48],"ascension_level":1}