{"gold_per_floor":[411,411,62,78,95,95,122,142,168,93,125,137,137,164,164,236,236,253,264,264,189,205,230,241,241,241,241,268,286,286,315,315,394,394,408,408,425,425,262,295,307,307,307,15,41,59,79,114,114,114,114,114,114,8,38,38],"floor_reached":57,"playtime":6854,"items_purged":["Strike_B"],"score":2995,"play_id":"9030f287-510e-4745-9a9b-2195b72f73a4","local_time":"20220415024905","is_ascension_mode":true,"campfire_choices":[{"data":"White Noise","floor":6.0,"key":"SMITH"},{"floor":15.0,"key":"REST"},{"floor":25.0,"key":"REST"},{"data":"Defragment","floor":30.0,"key":"SMITH"},{"floor":32.0,"key":"REST"},{"data":"Seek","floor":42.0,"key":"SMITH"},{"floor":49.0,"key":"RECALL"},{"data":"Seek","floor":53.0,"key":"SMITH"}],"neow_cost":"PERCENT_DAMAGE","seed_source_timestamp":0,"circlet_count":0,"master_deck":["AscendersBane","Strike_B","Defend_B","Defend_B","Defend_B","Defend_B+1","Zap","Dualcast","Lockon","Amplify","Turbo","White Noise+1","Loop","Static Discharge","Darkness","Echo Form","Hologram","Coolheaded","Electrodynamics","White Noise","Defragment+1","Leap+1","Seek+1","BootSequence","Self Repair","Glacier","Turbo","Defragment","Stack","Glacier","Dark Shackles","Seek+1","Reinforced Body+1","Capacitor"],"special_seed":0,"relics":["Cracked Core","Old Coin","Bag of Preparation","PreservedInsect","Potion Belt","Orichalcum","Art of War","Black Star","StrikeDummy","Oddly Smooth Stone","InkBottle","Anchor","War Paint","Bronze Scales","Regal Pillow","Coffee Dripper","Orrery","Letter Opener","Happy Flower","Membership Card","Centennial Puzzle","DataDisk","Thread and Needle","Unceasing Top","Smiling Mask","Pear","Nunchaku"],"potions_floor_usage":[56,56,56],"damage_taken":[{"damage":7.0,"enemies":"2 Louse","floor":1.0,"turns":4.0},{"damage":0.0,"enemies":"Small Slimes","floor":4.0,"turns":1.0},{"damage":7.0,"enemies":"Jaw Worm","floor":5.0,"turns":2.0},{"damage":0.0,"enemies":"Gremlin Nob","floor":7.0,"turns":3.0},{"damage":8.0,"enemies":"Looter","floor":8.0,"turns":3.0},{"damage":10.0,"enemies":"Lagavulin","floor":11.0,"turns":5.0},{"damage":8.0,"enemies":"Red Slaver","floor":12.0,"turns":2.0},{"damage":11.0,"enemies":"The Guardian","floor":16.0,"turns":9.0},{"damage":16.0,"enemies":"2 Thieves","floor":18.0,"turns":2.0},{"damage":3.0,"enemies":"3 Byrds","floor":19.0,"turns":1.0},{"damage":8.0,"enemies":"Centurion and Healer","floor":22.0,"turns":10.0},{"damage":14.0,"enemies":"Slavers","floor":23.0,"turns":2.0},{"damage":1.0,"enemies":"3 Cultists","floor":24.0,"turns":5.0},{"damage":0.0,"enemies":"Gremlin Leader","floor":28.0,"turns":5.0},{"damage":15.0,"enemies":"Shelled Parasite and Fungi","floor":29.0,"turns":5.0},{"damage":15.0,"enemies":"Book of Stabbing","floor":31.0,"turns":4.0},{"damage":30.0,"enemies":"Automaton","floor":33.0,"turns":11.0},{"damage":15.0,"enemies":"3 Darklings","floor":35.0,"turns":3.0},{"damage":9.0,"enemies":"Orb Walker","floor":37.0,"turns":4.0},{"damage":29.0,"enemies":"Giant Head","floor":40.0,"turns":9.0},{"damage":7.0,"enemies":"Transient","floor":41.0,"turns":6.0},{"damage":0.0,"enemies":"Reptomancer","floor":45.0,"turns":6.0},{"damage":0.0,"enemies":"Jaw Worm Horde","floor":46.0,"turns":5.0},{"damage":9.0,"enemies":"3 Darklings","floor":47.0,"turns":6.0},{"damage":2.0,"enemies":"Nemesis","floor":48.0,"turns":14.0},{"damage":28.0,"enemies":"Time Eater","floor":50.0,"turns":12.0},{"damage":26.0,"enemies":"Awakened One","floor":51.0,"turns":19.0},{"damage":41.0,"enemies":"Shield and Spear","floor":55.0,"turns":4.0},{"damage":25,"enemies":"The Heart","floor":56,"turns":14}],"seed_played":"-5506613996095192427","potions_obtained":[{"floor":5.0,"key":"AttackPotion"},{"floor":7.0,"key":"DuplicationPotion"},{"floor":11.0,"key":"Fire Potion"},{"floor":16.0,"key":"SpeedPotion"},{"floor":18.0,"key":"Weak Potion"},{"floor":22.0,"key":"Fire Potion"},{"floor":23.0,"key":"Energy Potion"},{"floor":24.0,"key":"DuplicationPotion"},{"floor":33.0,"key":"Swift Potion"},{"floor":41.0,"key":"EntropicBrew"},{"floor":45.0,"key":"Ancient Potion"},{"floor":47.0,"key":"EssenceOfDarkness"},{"floor":48.0,"key":"PowerPotion"}],"is_trial":false,"path_per_floor":["M","?","$","M","M","R","E","M","T","?","E","M","?","T","R","B",null,"M","M","?","$","M","E","M","R","T","?","E","M","R","E","R","B",null,"M","?","M","?","$","E","M","R","T","$","E","M","M","E","R","B","B",null,"R","$","E","B",null],"character_chosen":"DEFECT","items_purchased":["Bag of Preparation","Turbo","White Noise","Loop","Orrery","Membership Card","Dark Shackles","Centennial Puzzle","Capacitor","PowerPotion","EssenceOfSteel"],"campfire_rested":3,"item_purchase_floors":[3,3,3,3,39,44,44,44,54,54,54],"current_hp_per_floor":[39,39,39,39,32,32,32,24,24,24,14,6,6,6,27,16,57,41,38,38,38,30,16,15,36,36,36,36,21,21,6,42,12,56,41,41,32,32,32,17,17,17,17,17,24,38,43,55,55,34,22,59,59,59,35,17],"gold":38,"neow_bonus":"ONE_RARE_RELIC","is_prod":false,"is_daily":false,"chose_seed":false,"campfire_upgraded":4,"win_rate":0,"timestamp":1650008945,"path_taken":["M","?","$","M","M","R","E","M","T","?","E","M","?","?","R","BOSS","M","M","?","$","M","E","M","R","T","?","E","?","R","E","R","BOSS","M","?","?","?","$","E","M","R","T","$","E","M","M","E","R","BOSS","BOSS","R","$","E","BOSS"],"build_version":"2022-03-07","purchased_purges":1,"victory":true,"max_hp_per_floor":[71,71,71,71,71,71,71,71,71,71,71,71,71,71,71,71,71,71,71,71,71,71,71,71,71,71,71,71,71,71,71,71,71,71,71,71,71,71,71,71,71,71,71,71,71,71,71,71,71,71,71,71,71,71,81,81],"relic_stats":{"Regal Pillow":15,"Happy Flower":[28],"counters":[29,175],"PreservedInsect":511,"Bag of Preparation":[56],"Letter Opener":[442],"Orichalcum":[84],"War Paint":["Defend_B","Leap"],"Smiling Mask":0,"Centennial Puzzle":[18],"Nunchaku":[1],"Bronze Scales":[613],"Art of War":[80],"Black Star":7,"Membership Card":236,"obtain_stats":[{"Regal Pillow":31,"Bag of Preparation":3,"Smiling Mask":48,"Old Coin":0,"Centennial Puzzle":44,"Nunchaku":55,"Cracked Core":0,"InkBottle":26,"Potion Belt":9,"Pear":55,"Happy Flower":40,"Oddly Smooth Stone":23,"Thread and Needle":45,"PreservedInsect":7,"Letter Opener":40,"Orichalcum":11,"War Paint":28,"Anchor":28,"DataDisk":45,"Bronze Scales":31,"Orrery":39,"Art of War":14,"Black Star":17,"Coffee Dripper":34,"Membership Card":44,"StrikeDummy":23,"Unceasing Top":48},{"Regal Pillow":16,"Bag of Preparation":1,"Smiling Mask":25,"Old Coin":0,"Centennial Puzzle":21,"Nunchaku":28,"Cracked Core":0,"InkBottle":13,"Potion Belt":5,"Pear":28,"Happy Flower":20,"Oddly Smooth Stone":12,"Thread and Needle":22,"PreservedInsect":4,"Letter Opener":20,"Orichalcum":6,"War Paint":14,"Anchor":14,"DataDisk":22,"Bronze Scales":16,"Orrery":19,"Art of War":7,"Black Star":8,"Coffee Dripper":17,"Membership Card":21,"StrikeDummy":12,"Unceasing Top":25},{"Regal Pillow":63,"Bag of Preparation":4,"Smiling Mask":126,"Old Coin":0,"Centennial Puzzle":95,"Nunchaku":161,"Cracked Core":0,"InkBottle":49,"Potion Belt":13,"Pear":161,"Happy Flower":89,"Oddly Smooth Stone":44,"Thread and Needle":101,"PreservedInsect":10,"Letter Opener":89,"Orichalcum":18,"War Paint":54,"Anchor":54,"DataDisk":101,"Bronze Scales":63,"Orrery":80,"Art of War":20,"Black Star":29,"Coffee Dripper":73,"Membership Card":95,"StrikeDummy":44,"Unceasing Top":126}],"InkBottle":[70],"Unceasing Top":[12]},"card_choices":[{"not_picked":["Go for the Eyes","Steam"],"picked":"Lockon","floor":1.0},{"not_picked":["Beam Cell","Conserve Battery"],"picked":"Cold Snap","floor":4.0},{"not_picked":["Conserve Battery","Melter"],"picked":"Static Discharge","floor":5.0},{"not_picked":["Hologram","Turbo"],"picked":"Darkness","floor":7.0},{"not_picked":["Chaos","Cold Snap"],"picked":"Echo Form","floor":8.0},{"not_picked":["Reprogram","Gash"],"picked":"Hologram","floor":11.0},{"not_picked":["Conserve Battery","Aggregate"],"picked":"Coolheaded","floor":12.0},{"not_picked":["Thunder Strike","Creative AI"],"picked":"Electrodynamics","floor":16.0},{"not_picked":["Ball Lightning","Rebound"],"picked":"White Noise","floor":18.0},{"not_picked":["Leap","Barrage","White Noise"],"picked":"SKIP","floor":19.0},{"not_picked":["Consume","Gash","Compile Driver"],"picked":"SKIP","floor":22.0},{"not_picked":["Redo","Rip and Tear"],"picked":"Leap","floor":23.0},{"not_picked":["Reinforced Body","Hello World","Barrage+1"],"picked":"SKIP","floor":24.0},{"not_picked":["Redo","All For One","Doom and Gloom"],"picked":"SKIP","floor":28.0},{"not_picked":["Loop","Redo","Steam"],"picked":"SKIP","floor":29.0},{"not_picked":["Hologram","Beam Cell","Tempest"],"picked":"SKIP","floor":31.0},{"not_picked":["Machine Learning","All For One"],"picked":"Seek","floor":33.0},{"not_picked":["Sweeping Beam","Go for the Eyes+1"],"picked":"BootSequence","floor":35.0},{"not_picked":["Rebound","Tempest+1","Melter"],"picked":"SKIP","floor":37.0},{"not_picked":["Stack","Force Field"],"picked":"Self Repair","floor":39.0},{"not_picked":["Rebound","Recycle"],"picked":"Glacier","floor":39.0},{"not_picked":["Undo","Ball Lightning"],"picked":"Turbo","floor":39.0},{"not_picked":["Barrage","Melter"],"picked":"Defragment","floor":39.0},{"not_picked":["Electrodynamics","Hologram"],"picked":"Stack","floor":40.0},{"not_picked":["Barrage+1","Force Field"],"picked":"Glacier","floor":41.0},{"not_picked":["Barrage+1","Streamline"],"picked":"Seek","floor":45.0},{"not_picked":["Sunder+1","Streamline","Ball Lightning"],"picked":"SKIP","floor":46.0},{"not_picked":["Sunder","Static Discharge+1"],"picked":"Reinforced Body+1","floor":47.0},{"not_picked":["Tempest","Melter","Barrage"],"picked":"SKIP","floor":48.0},{"not_picked":["Rebound","Hello World","Doom and Gloom"],"picked":"SKIP","floor":55.0}],"player_experience":775990,"relics_obtained":[{"floor":7.0,"key":"PreservedInsect"},{"floor":9.0,"key":"Potion Belt"},{"floor":11.0,"key":"Orichalcum"},{"floor":14.0,"key":"Art of War"},{"floor":23.0,"key":"StrikeDummy"},{"floor":23.0,"key":"Oddly Smooth Stone"},{"floor":26.0,"key":"InkBottle"},{"floor":28.0,"key":"Anchor"},{"floor":28.0,"key":"War Paint"},{"floor":31.0,"key":"Bronze Scales"},{"floor":31.0,"key":"Regal Pillow"},{"floor":40.0,"key":"Letter Opener"},{"floor":40.0,"key":"Happy Flower"},{"floor":45.0,"key":"DataDisk"},{"floor":45.0,"key":"Thread and Needle"},{"floor":48.0,"key":"Unceasing Top"},{"floor":48.0,"key":"Smiling Mask"},{"floor":55.0,"key":"Pear"},{"floor":55.0,"key":"Nunchaku"}],"event_choices":[{"damage_healed":0.0,"max_hp_gain":0.0,"max_hp_loss":0.0,"gold_gain":0.0,"cards_transformed":["Strike_B"],"event_name":"Living Wall","player_choice":"Change","floor":2.0,"gold_loss":0.0,"damage_taken":0.0,"cards_obtained":["Amplify"]},{"cards_removed":["Strike_B"],"damage_healed":0.0,"max_hp_gain":0.0,"max_hp_loss":0.0,"gold_gain":0.0,"event_name":"The Cleric","player_choice":"Card Removal","floor":10.0,"gold_loss":75.0,"damage_taken":0.0},{"damage_healed":0.0,"max_hp_gain":0.0,"max_hp_loss":0.0,"gold_gain":0.0,"event_name":"Golden Wing","player_choice":"Ignored","floor":13.0,"gold_loss":0.0,"damage_taken":0.0},{"damage_healed":0.0,"max_hp_gain":0.0,"max_hp_loss":0.0,"gold_gain":0.0,"event_name":"The Library","player_choice":"Read","floor":20.0,"gold_loss":0.0,"damage_taken":0.0,"cards_obtained":["Defragment"]},{"damage_healed":0.0,"max_hp_gain":0.0,"max_hp_loss":0.0,"gold_gain":0.0,"event_name":"Lab","player_choice":"Got Potions","floor":27.0,"gold_loss":0.0,"damage_taken":0.0},{"damage_healed":0.0,"max_hp_gain":0.0,"max_hp_loss":0.0,"gold_gain":0.0,"event_name":"Match and Keep!","player_choice":"0 cards matched","floor":36.0,"gold_loss":0.0,"damage_taken":0.0,"cards_obtained":[]},{"cards_removed":["Cold Snap"],"damage_healed":0.0,"max_hp_gain":0.0,"max_hp_loss":0.0,"gold_gain":0.0,"event_name":"Falling","player_choice":"Removed Attack","floor":38.0,"gold_loss":0.0,"damage_taken":0.0}],"is_beta":false,"boss_relics":[{"not_picked":["FrozenCore","Runic Dome"],"picked":"Black Star"},{"not_picked":["Pandora\u0027s Box","Empty Cage"],"picked":"Coffee Dripper"}],"items_purged_floors":[21],"is_endless":false,"potions_floor_spawned":[5,7,11,16,18,22,23,24,33,41,45,47,48],"ascension_level":20}