{"gold_per_floor":[118,68,85,85,103,103,103,178,204,204,220,232,0,16,16,121,121,139,139,127,52,52,78,78,90,90,90],"floor_reached":27,"playtime":1385,"items_purged":[],"score":223,"play_id":"503c896a-5162-45a1-8f37-4dd0966bce03","local_time":"20220418221641","is_ascension_mode":false,"campfire_choices":[{"data":"Coolheaded","floor":6.0,"key":"SMITH"},{"data":"Redo","floor":10.0,"key":"SMITH"},{"data":"Aggregate","floor":15,"key":"SMITH"},{"data":"Fusion","floor":24,"key":"SMITH"}],"neow_cost":"NONE","seed_source_timestamp":65819350990235,"circlet_count":0,"master_deck":["Strike_B","Strike_B","Strike_B","Defend_B","Defend_B+1","Defend_B","Zap","Dualcast+1","Hologram","Coolheaded+1","Redo+1","Echo Form","BootSequence","Aggregate+1","Buffer+1","Ball Lightning+1","Fusion+1","Hologram","Reinforced Body+1"],"special_seed":0,"relics":["Cracked Core","NeowsBlessing","Pear","Nunchaku","Black Star","MealTicket","War Paint","The Courier"],"potions_floor_usage":[16,23],"damage_taken":[{"damage":0.0,"enemies":"Small Slimes","floor":1.0,"turns":1.0},{"damage":0.0,"enemies":"Jaw Worm","floor":3.0,"turns":1.0},{"damage":0.0,"enemies":"2 Louse","floor":5.0,"turns":1.0},{"damage":14.0,"enemies":"Exordium Thugs","floor":11.0,"turns":5.0},{"damage":0.0,"enemies":"Large Slime","floor":12.0,"turns":5.0},{"damage":6,"enemies":"Gremlin Gang","floor":14,"turns":4},{"damage":45,"enemies":"Hexaghost","floor":16,"turns":12},{"damage":0,"enemies":"Chosen","floor":18,"turns":6},{"damage":23,"enemies":"2 Thieves","floor":20,"turns":4},{"damage":49,"enemies":"Gremlin Leader","floor":23,"turns":10},{"damage":0,"enemies":"Snecko","floor":25,"turns":6},{"damage":0,"enemies":"Book of Stabbing","floor":27,"turns":3}],"seed_played":"-7672810056680367323","potions_obtained":[{"floor":11.0,"key":"Weak Potion"},{"floor":12.0,"key":"AttackPotion"},{"floor":23,"key":"LiquidMemories"}],"is_trial":false,"path_per_floor":["M","?","M","T","M","R","$","?","T","R","M","M","$","M","R","B",null,"M","$","M","?","?","E","R","M","T","E"],"character_chosen":"DEFECT","items_purchased":["Echo Form","BootSequence"],"campfire_rested":0,"item_purchase_floors":[13,13],"current_hp_per_floor":[75,75,75,85,85,85,85,74,74,74,60,60,60,54,54,9,85,85,85,62,62,62,13,13,13,13,13],"gold":90,"neow_bonus":"THREE_ENEMY_KILL","is_prod":false,"is_daily":false,"chose_seed":false,"campfire_upgraded":4,"win_rate":0,"timestamp":1650338201,"path_taken":["M","?","M","?","M","R","$","?","T","R","M","M","$","M","R","BOSS","M","$","M","?","?","E","R","?","T","E"],"build_version":"2022-03-07","purchased_purges":0,"victory":false,"max_hp_per_floor":[75,75,75,85,85,85,85,85,85,85,85,85,85,85,85,85,85,85,85,85,85,85,85,85,85,85,85],"card_choices":[{"not_picked":["Go for the Eyes","Steam Power"],"picked":"Hologram","floor":1.0},{"not_picked":["Chill","Streamline"],"picked":"Coolheaded","floor":3.0},{"not_picked":["Tempest","Go for the Eyes"],"picked":"Redo","floor":5.0},{"not_picked":["Conserve Battery","Steam Power","Leap"],"picked":"SKIP","floor":11.0},{"not_picked":["Blizzard","Coolheaded","Steam Power"],"picked":"SKIP","floor":12.0},{"not_picked":["Hyperbeam","BootSequence"],"picked":"Aggregate","floor":14},{"not_picked":["Thunder Strike","Creative AI"],"picked":"Buffer","floor":16},{"not_picked":["Go for the Eyes","Streamline"],"picked":"Ball Lightning+1","floor":18},{"not_picked":["Hologram","Loop"],"picked":"Fusion","floor":20},{"not_picked":["Barrage","Sweeping Beam"],"picked":"Hologram","floor":23},{"not_picked":["Go for the Eyes+1","Sweeping Beam"],"picked":"Reinforced Body+1","floor":25}],"player_experience":809983,"relics_obtained":[{"floor":4.0,"key":"Pear"},{"floor":9.0,"key":"Nunchaku"},{"floor":23,"key":"MealTicket"},{"floor":23,"key":"War Paint"},{"floor":26,"key":"The Courier"}],"event_choices":[{"cards_removed":["Defend_B"],"damage_healed":0.0,"max_hp_gain":0.0,"max_hp_loss":0.0,"gold_gain":0.0,"event_name":"The Cleric","player_choice":"Card Removal","floor":2.0,"gold_loss":50.0,"damage_taken":0.0},{"damage_healed":0.0,"max_hp_gain":0.0,"max_hp_loss":0.0,"gold_gain":75.0,"event_name":"World of Goop","player_choice":"Gather Gold","floor":8.0,"gold_loss":0.0,"damage_taken":11.0},{"cards_removed":["Strike_B"],"damage_healed":0,"gold_gain":0,"player_choice":"Gave Gold","damage_taken":0,"max_hp_gain":0,"max_hp_loss":0,"event_name":"Beggar","floor":21,"gold_loss":75},{"damage_healed":0,"gold_gain":0,"player_choice":"Upgraded","damage_taken":0,"max_hp_gain":0,"max_hp_loss":0,"event_name":"Upgrade Shrine","floor":22,"gold_loss":0,"cards_upgraded":["Buffer"]}],"is_beta":false,"boss_relics":[{"not_picked":["SlaversCollar","Velvet Choker"],"picked":"Black Star"}],"items_purged_floors":[],"is_endless":false,"potions_floor_spawned":[11,12,23],"killed_by":"Book of Stabbing","ascension_level":0}