{"gold_per_floor":[112,129,1,1,16,16,43,43,43,69,81,92,127,143,143,220,220,240,140,415,430,444,444],"floor_reached":23,"playtime":1234,"items_purged":["Defend_B","Strike_B"],"score":476,"play_id":"0959b8ea-a586-4630-9970-423c58a87464","local_time":"20220430033814","is_ascension_mode":true,"campfire_choices":[{"data":"Hyperbeam","floor":6.0,"key":"SMITH"},{"data":"Beam Cell","floor":15.0,"key":"SMITH"}],"neow_cost":"NONE","seed_source_timestamp":250002467832541,"circlet_count":0,"master_deck":["AscendersBane","Strike_B","Strike_B","Strike_B","Defend_B","Defend_B","Defend_B","Zap","Dualcast","Coolheaded","Conserve Battery","Glacier","Hyperbeam+1","Beam Cell+1","Go for the Eyes","BootSequence","Seek","Regret","Darkness"],"special_seed":0,"relics":["Cracked Core","White Beast Statue","Cables","Blood Vial","SacredBark"],"potions_floor_usage":[21,22,23],"damage_taken":[{"damage":1.0,"enemies":"Cultist","floor":1.0,"turns":3.0},{"damage":7.0,"enemies":"Jaw Worm","floor":2.0,"turns":4.0},{"damage":2.0,"enemies":"2 Louse","floor":5.0,"turns":4.0},{"damage":20.0,"enemies":"Lagavulin","floor":7.0,"turns":4.0},{"damage":3.0,"enemies":"3 Sentries","floor":10.0,"turns":3.0},{"damage":2.0,"enemies":"Lots of Slimes","floor":11.0,"turns":2.0},{"damage":0.0,"enemies":"2 Fungi Beasts","floor":12.0,"turns":3.0},{"damage":0.0,"enemies":"Gremlin Nob","floor":13.0,"turns":3.0},{"damage":0.0,"enemies":"Blue Slaver","floor":14.0,"turns":4.0},{"damage":20,"enemies":"Slime Boss","floor":16,"turns":8},{"damage":13,"enemies":"Chosen","floor":18,"turns":4},{"damage":16,"enemies":"2 Thieves","floor":21,"turns":3},{"damage":17,"enemies":"Centurion and Healer","floor":22,"turns":5},{"damage":26,"enemies":"Gremlin Leader","floor":23,"turns":4}],"seed_played":"-9170748667538135009","potions_obtained":[{"floor":2.0,"key":"ColorlessPotion"},{"floor":7.0,"key":"Fruit Juice"},{"floor":10.0,"key":"Strength Potion"},{"floor":11.0,"key":"DistilledChaos"},{"floor":12.0,"key":"Dexterity Potion"},{"floor":13.0,"key":"PotionOfCapacity"},{"floor":14.0,"key":"Energy Potion"},{"floor":16,"key":"LiquidBronze"},{"floor":18,"key":"Swift Potion"},{"floor":21,"key":"PotionOfCapacity"},{"floor":22,"key":"EssenceOfSteel"}],"is_trial":false,"path_per_floor":["M","M","$","?","M","R","E","$","T","E","M","M","E","M","R","B",null,"M","$","?","M","M","E"],"character_chosen":"DEFECT","items_purchased":["Conserve Battery"],"campfire_rested":0,"item_purchase_floors":[3],"current_hp_per_floor":[63,56,56,56,54,54,39,39,39,36,34,34,34,36,36,18,62,51,51,51,37,22,0],"gold":444,"neow_bonus":"ONE_RANDOM_RARE_CARD","is_prod":false,"is_daily":false,"chose_seed":false,"campfire_upgraded":2,"win_rate":0,"timestamp":1651307894,"path_taken":["M","M","?","?","M","R","E","?","T","E","?","M","E","M","R","BOSS","M","?","?","?","M","E"],"build_version":"2022-03-07","purchased_purges":2,"victory":false,"max_hp_per_floor":[71,71,71,71,71,71,76,76,76,76,76,76,76,76,76,76,76,76,76,76,76,76,76],"relic_stats":{"Blood Vial":12,"counters":[14,54],"obtain_stats":[{"Blood Vial":13,"SacredBark":17,"Cracked Core":0,"White Beast Statue":7,"Cables":10},{"Blood Vial":8,"SacredBark":10,"Cracked Core":0,"White Beast Statue":4,"Cables":5},{"Blood Vial":26,"SacredBark":38,"Cracked Core":0,"White Beast Statue":15,"Cables":18}],"White Beast Statue":[0.0,0.024000000000000007,0.0,0.32800000000000007,0.0,0.5280000000000001,0.0,0.12000000000000002,0.0,0.0,0.0,3.8870720000000003],"Cables":[27,20,6,1,0]},"card_choices":[{"not_picked":["Rebound","Barrage"],"picked":"Coolheaded","floor":1.0},{"not_picked":["Steam","Recycle","Hologram"],"picked":"SKIP","floor":2.0},{"not_picked":["Barrage","Turbo"],"picked":"Hyperbeam","floor":5.0},{"not_picked":["Rip and Tear","Chaos"],"picked":"Beam Cell","floor":7.0},{"not_picked":["Hologram","Steam Power","Barrage"],"picked":"SKIP","floor":10.0},{"not_picked":["Rebound","Rip and Tear"],"picked":"Go for the Eyes","floor":11.0},{"not_picked":["Leap","Coolheaded"],"picked":"BootSequence","floor":12.0},{"not_picked":["Recycle","Rebound","Coolheaded"],"picked":"SKIP","floor":13.0},{"not_picked":["Coolheaded","Blizzard","Hologram"],"picked":"SKIP","floor":14.0},{"not_picked":["Meteor Strike","Reboot"],"picked":"Seek","floor":16},{"not_picked":["Aggregate+1","Doom and Gloom+1","Steam"],"picked":"SKIP","floor":18},{"not_picked":["Barrage","Rebound"],"picked":"Darkness","floor":21},{"not_picked":["Conserve Battery","Streamline","Steam+1"],"picked":"SKIP","floor":22}],"player_experience":893880,"relics_obtained":[{"floor":7.0,"key":"White Beast Statue"},{"floor":10.0,"key":"Cables"},{"floor":13.0,"key":"Blood Vial"}],"event_choices":[{"damage_healed":0.0,"max_hp_gain":0.0,"max_hp_loss":0.0,"gold_gain":0.0,"cards_transformed":["Meteor Strike"],"event_name":"Living Wall","player_choice":"Change","floor":4.0,"gold_loss":0.0,"damage_taken":0.0,"cards_obtained":["Glacier"]},{"damage_healed":0,"gold_gain":275,"player_choice":"Desecrate","damage_taken":0,"max_hp_gain":0,"max_hp_loss":0,"event_name":"Golden Shrine","floor":20,"gold_loss":0,"cards_obtained":["Regret"]}],"is_beta":false,"boss_relics":[{"not_picked":["Empty Cage","Calling Bell"],"picked":"SacredBark"}],"items_purged_floors":[3,19],"is_endless":false,"potions_floor_spawned":[2,7,10,11,12,13,14,16,18,21,22],"killed_by":"Gremlin Leader","ascension_level":20}