{"gold_per_floor":[113,113,126,201,201,227,227,258,258,258,274,299,326,345,345,417,417,427,444,494,506,506,535,555,589,612,631,641,657,657,689,689,767,767,786,811,863,333,347,347,382,411,437,448,480,212,212,246,246,246,246,246,246,2,37,37],"floor_reached":57,"playtime":8721,"items_purged":["Blizzard","Redo"],"score":3346,"play_id":"fe46f7b3-7373-4f75-ae5c-ce37205b7220","local_time":"20220429162632","is_ascension_mode":true,"campfire_choices":[{"data":"Zap","floor":7.0,"key":"SMITH"},{"floor":10.0,"key":"REST"},{"data":"Defragment","floor":15.0,"key":"SMITH"},{"floor":30.0,"key":"REST"},{"data":"Buffer","floor":32.0,"key":"SMITH"},{"data":"Buffer","floor":40.0,"key":"SMITH"},{"floor":49.0,"key":"RECALL"},{"data":"Stack","floor":53.0,"key":"PURGE"}],"neow_cost":"TEN_PERCENT_HP_LOSS","seed_source_timestamp":0,"circlet_count":0,"master_deck":["AscendersBane","Zap+1","Dualcast+1","Turbo+1","Glacier","Ball Lightning","Chill","Double Energy","Skim","Defragment+1","Echo Form","Biased Cognition","Conserve Battery+1","Double Energy","Biased Cognition","Core Surge","Buffer+1","Stack","Glacier","Buffer+1","Reinforced Body","Capacitor","Capacitor+1","BootSequence+1","Turbo","Turbo","Finesse","PanicButton"],"special_seed":0,"relics":["Cracked Core","Dead Branch","Pocketwatch","Prayer Wheel","Odd Mushroom","Bronze Scales","Pandora\u0027s Box","Kunai","Vajra","War Paint","Potion Belt","Runic Pyramid","Calipers","WingedGreaves","OrangePellets","Eternal Feather","Peace Pipe","Gambling Chip","Dream Catcher","Art of War","Toolbox","CaptainsWheel","DataDisk","Toy Ornithopter"],"potions_floor_usage":[56,56,56,56],"damage_taken":[{"damage":10.0,"enemies":"Small Slimes","floor":1.0,"turns":3.0},{"damage":2.0,"enemies":"Jaw Worm","floor":3.0,"turns":3.0},{"damage":3.0,"enemies":"3 Sentries","floor":6.0,"turns":8.0},{"damage":25.0,"enemies":"Gremlin Nob","floor":8.0,"turns":5.0},{"damage":0.0,"enemies":"2 Louse","floor":11.0,"turns":3.0},{"damage":0.0,"enemies":"The Mushroom Lair","floor":12.0,"turns":4.0},{"damage":4.0,"enemies":"Lagavulin","floor":13.0,"turns":6.0},{"damage":2.0,"enemies":"Blue Slaver","floor":14.0,"turns":2.0},{"damage":0.0,"enemies":"Hexaghost","floor":16.0,"turns":9.0},{"damage":0.0,"enemies":"Spheric Guardian","floor":18.0,"turns":3.0},{"damage":0.0,"enemies":"Chosen","floor":19.0,"turns":4.0},{"damage":24.0,"enemies":"Snake Plant","floor":21.0,"turns":3.0},{"damage":18.0,"enemies":"Gremlin Leader","floor":23.0,"turns":4.0},{"damage":0.0,"enemies":"Cultist and Chosen","floor":24.0,"turns":5.0},{"damage":3.0,"enemies":"Book of Stabbing","floor":25.0,"turns":5.0},{"damage":0.0,"enemies":"Centurion and Healer","floor":27.0,"turns":7.0},{"damage":0.0,"enemies":"3 Cultists","floor":28.0,"turns":3.0},{"damage":0.0,"enemies":"Snecko","floor":29.0,"turns":4.0},{"damage":13.0,"enemies":"Slavers","floor":31.0,"turns":5.0},{"damage":5.0,"enemies":"Collector","floor":33.0,"turns":11.0},{"damage":5.0,"enemies":"Orb Walker","floor":35.0,"turns":3.0},{"damage":0.0,"enemies":"Mind Bloom Boss Battle","floor":36.0,"turns":7.0},{"damage":24.0,"enemies":"2 Orb Walkers","floor":37.0,"turns":7.0},{"damage":0.0,"enemies":"3 Darklings","floor":39.0,"turns":5.0},{"damage":0.0,"enemies":"Nemesis","floor":41.0,"turns":9.0},{"damage":3.0,"enemies":"Giant Head","floor":42.0,"turns":6.0},{"damage":0.0,"enemies":"Transient","floor":44.0,"turns":6.0},{"damage":5.0,"enemies":"Reptomancer","floor":45.0,"turns":8.0},{"damage":0.0,"enemies":"Giant Head","floor":48.0,"turns":7.0},{"damage":0.0,"enemies":"Time Eater","floor":50.0,"turns":14.0},{"damage":0.0,"enemies":"Donu and Deca","floor":51.0,"turns":8.0},{"damage":0.0,"enemies":"Shield and Spear","floor":55.0,"turns":8.0},{"damage":0,"enemies":"The Heart","floor":56,"turns":9}],"seed_played":"1623030052928375049","potions_obtained":[{"floor":6.0,"key":"Weak Potion"},{"floor":12.0,"key":"LiquidMemories"},{"floor":13.0,"key":"EntropicBrew"},{"floor":14.0,"key":"FocusPotion"},{"floor":21.0,"key":"Regen Potion"},{"floor":25.0,"key":"SmokeBomb"},{"floor":27.0,"key":"LiquidBronze"},{"floor":31.0,"key":"Ancient Potion"},{"floor":33.0,"key":"Energy Potion"},{"floor":36.0,"key":"SteroidPotion"},{"floor":39.0,"key":"DuplicationPotion"},{"floor":42.0,"key":"Fruit Juice"}],"is_trial":false,"path_per_floor":["M","?","M","?","?","E","R","E","T","R","M","?","E","M","R","B",null,"M","M","?","M","?","E","M","E","T","M","M","M","R","E","R","B",null,"M","?","?","$","M","R","E","E","T","M","E","$","?","E","R","B","B",null,"R","$","E","B",null],"character_chosen":"DEFECT","items_purchased":["OrangePellets","Eternal Feather","Toolbox","DataDisk","DuplicationPotion"],"campfire_rested":2,"item_purchase_floors":[38,38,46,54,54],"current_hp_per_floor":[54,35,33,22,43,40,40,15,15,34,34,34,30,28,28,28,55,55,55,55,31,31,25,25,22,22,22,22,22,41,28,28,23,54,49,49,25,25,25,40,40,42,42,42,37,37,27,27,42,42,42,62,69,69,69,69],"gold":37,"neow_bonus":"ONE_RARE_RELIC","is_prod":false,"is_daily":false,"chose_seed":false,"campfire_upgraded":4,"win_rate":0,"timestamp":1651267592,"path_taken":["M","?","M","?","?","E","R","E","T","R","?","?","E","M","R","BOSS","M","M","?","?","?","E","M","E","T","M","?","M","R","E","R","BOSS","M","?","?","$","M","R","E","E","T","M","E","$","?","E","R","BOSS","BOSS","R","$","E","BOSS"],"build_version":"2022-03-07","purchased_purges":2,"victory":true,"max_hp_per_floor":[64,64,64,64,64,64,64,64,64,64,64,64,64,64,64,64,64,64,64,64,64,64,64,64,64,64,64,64,64,64,64,64,64,64,64,64,64,64,64,64,64,69,69,69,69,69,69,69,69,69,69,69,69,69,69,69],"relic_stats":{"Calipers":[5157],"counters":[33,194],"Dead Branch":[225],"Eternal Feather":37,"War Paint":["Conserve Battery","Turbo"],"Peace Pipe":1,"OrangePellets":[26],"Dream Catcher":0,"Bronze Scales":[630],"Gambling Chip":[6],"Prayer Wheel":14,"Pandora\u0027s Box":["Biased Cognition","Blizzard","Hello World","Conserve Battery","Double Energy","Biased Cognition","Core Surge","Buffer"],"WingedGreaves":3,"Art of War":[13],"Kunai":[14],"obtain_stats":[{"Potion Belt":31,"Calipers":36,"Dead Branch":0,"Vajra":25,"Eternal Feather":38,"Odd Mushroom":12,"War Paint":26,"Peace Pipe":41,"OrangePellets":38,"Dream Catcher":43,"CaptainsWheel":48,"DataDisk":54,"Bronze Scales":13,"Gambling Chip":42,"Toolbox":46,"Prayer Wheel":8,"Pandora\u0027s Box":17,"WingedGreaves":37,"Art of War":45,"Kunai":23,"Cracked Core":0,"Toy Ornithopter":55,"Pocketwatch":6,"Runic Pyramid":34},{"Potion Belt":19,"Calipers":22,"Dead Branch":0,"Vajra":15,"Eternal Feather":23,"Odd Mushroom":6,"War Paint":15,"Peace Pipe":25,"OrangePellets":23,"Dream Catcher":26,"CaptainsWheel":29,"DataDisk":31,"Bronze Scales":7,"Gambling Chip":26,"Toolbox":28,"Prayer Wheel":4,"Pandora\u0027s Box":9,"WingedGreaves":23,"Art of War":28,"Kunai":13,"Cracked Core":0,"Toy Ornithopter":32,"Pocketwatch":3,"Runic Pyramid":20},{"Potion Belt":86,"Calipers":107,"Dead Branch":0,"Vajra":67,"Eternal Feather":114,"Odd Mushroom":26,"War Paint":67,"Peace Pipe":128,"OrangePellets":114,"Dream Catcher":134,"CaptainsWheel":155,"DataDisk":177,"Bronze Scales":32,"Gambling Chip":134,"Toolbox":148,"Prayer Wheel":19,"Pandora\u0027s Box":43,"WingedGreaves":114,"Art of War":148,"Kunai":57,"Cracked Core":0,"Toy Ornithopter":185,"Pocketwatch":14,"Runic Pyramid":97}],"Toy Ornithopter":0,"Pocketwatch":[77]},"card_choices":[{"not_picked":["Barrage","Aggregate"],"picked":"Turbo","floor":1.0},{"not_picked":["Beam Cell","Lockon"],"picked":"Glacier","floor":3.0},{"not_picked":["Leap","Coolheaded"],"picked":"Ball Lightning","floor":6.0},{"not_picked":["Auto Shields","Sunder"],"picked":"Redo","floor":8.0},{"not_picked":["Loop","Stack"],"picked":"Chill","floor":11.0},{"not_picked":["Cold Snap","Streamline"],"picked":"Double Energy","floor":11.0},{"not_picked":["Gash","Sweeping Beam"],"picked":"Skim","floor":12.0},{"not_picked":["Gash","Barrage"],"picked":"Stack","floor":13.0},{"not_picked":["Melter","Doom and Gloom"],"picked":"Defragment","floor":14.0},{"not_picked":["Cold Snap","Tempest","Redo"],"picked":"SKIP","floor":14.0},{"not_picked":["Core Surge","Rainbow"],"picked":"Echo Form","floor":16.0},{"not_picked":["Sunder","Scrape"],"picked":"Stack","floor":18.0},{"not_picked":["Rebound","Cold Snap","Double Energy"],"picked":"SKIP","floor":18.0},{"not_picked":["Steam","Barrage","Reprogram"],"picked":"SKIP","floor":19.0},{"not_picked":["Sweeping Beam","Hologram","Streamline+1"],"picked":"SKIP","floor":19.0},{"not_picked":["Beam Cell","Gash"],"picked":"Glacier","floor":21.0},{"not_picked":["Cold Snap","Rebound","Gash"],"picked":"SKIP","floor":21.0},{"not_picked":["Ball Lightning","Beam Cell","FTL"],"picked":"SKIP","floor":23.0},{"not_picked":["Barrage","Stack"],"picked":"Buffer","floor":24.0},{"not_picked":["Reprogram","Streamline","Heatsinks"],"picked":"SKIP","floor":24.0},{"not_picked":["Leap","Hologram","Ball Lightning"],"picked":"SKIP","floor":25.0},{"not_picked":["Ball Lightning","Skim","Chaos"],"picked":"SKIP","floor":27.0},{"not_picked":["Cold Snap","Reprogram","Barrage"],"picked":"SKIP","floor":27.0},{"not_picked":["Chill","Blizzard"],"picked":"Reinforced Body","floor":28.0},{"not_picked":["Conserve Battery","Stack","Rip and Tear"],"picked":"SKIP","floor":28.0},{"not_picked":["Genetic Algorithm+1","Sweeping Beam","Barrage"],"picked":"SKIP","floor":29.0},{"not_picked":["Hologram","Turbo","Coolheaded"],"picked":"SKIP","floor":29.0},{"not_picked":["Recycle","Gash","Double Energy"],"picked":"SKIP","floor":31.0},{"not_picked":["Blizzard","Hologram"],"picked":"Capacitor","floor":35.0},{"not_picked":["Scrape","Sweeping Beam","Storm+1"],"picked":"SKIP","floor":35.0},{"not_picked":["Leap","Turbo"],"picked":"Capacitor+1","floor":36.0},{"not_picked":["Sweeping Beam+1","Go for the Eyes"],"picked":"BootSequence+1","floor":39.0},{"not_picked":["Leap","Ball Lightning","Compile Driver"],"picked":"SKIP","floor":39.0},{"not_picked":["Meteor Strike","Compile Driver","Ball Lightning"],"picked":"SKIP","floor":41.0},{"not_picked":["Steam+1","Rip and Tear+1"],"picked":"Turbo","floor":42.0},{"not_picked":["Ball Lightning","Melter"],"picked":"Turbo","floor":44.0},{"not_picked":["Machine Learning","Steam","FTL"],"picked":"SKIP","floor":44.0},{"not_picked":["Coolheaded","Hyperbeam","Loop+1"],"picked":"SKIP","floor":45.0},{"not_picked":["HandOfGreed","Panacea"],"picked":"Finesse","floor":47.0},{"not_picked":["Discovery","Bandage Up"],"picked":"PanicButton","floor":47.0},{"not_picked":["Hologram","Ball Lightning","Scrape+1"],"picked":"SKIP","floor":48.0},{"not_picked":["Core Surge","Steam Power","Reprogram"],"picked":"SKIP","floor":55.0}],"player_experience":881650,"relics_obtained":[{"floor":6.0,"key":"Pocketwatch"},{"floor":8.0,"key":"Prayer Wheel"},{"floor":12.0,"key":"Odd Mushroom"},{"floor":13.0,"key":"Bronze Scales"},{"floor":23.0,"key":"Kunai"},{"floor":25.0,"key":"Vajra"},{"floor":26.0,"key":"War Paint"},{"floor":31.0,"key":"Potion Belt"},{"floor":36.0,"key":"Calipers"},{"floor":37.0,"key":"WingedGreaves"},{"floor":41.0,"key":"Peace Pipe"},{"floor":42.0,"key":"Gambling Chip"},{"floor":43.0,"key":"Dream Catcher"},{"floor":45.0,"key":"Art of War"},{"floor":48.0,"key":"CaptainsWheel"},{"floor":55.0,"key":"Toy Ornithopter"}],"event_choices":[{"damage_healed":0.0,"max_hp_gain":0.0,"max_hp_loss":0.0,"gold_gain":0.0,"event_name":"Shining Light","player_choice":"Entered Light","floor":2.0,"gold_loss":0.0,"damage_taken":19.0,"cards_upgraded":["Dualcast","Strike_B"]},{"damage_healed":0.0,"max_hp_gain":0.0,"max_hp_loss":0.0,"gold_gain":75.0,"event_name":"World of Goop","player_choice":"Gather Gold","floor":4.0,"gold_loss":0.0,"damage_taken":11.0},{"damage_healed":21.0,"max_hp_gain":0.0,"max_hp_loss":0.0,"gold_gain":0.0,"event_name":"Big Fish","player_choice":"Banana","floor":5.0,"gold_loss":0.0,"damage_taken":0.0},{"damage_healed":0.0,"max_hp_gain":0.0,"max_hp_loss":0.0,"gold_gain":0.0,"event_name":"Mushrooms","player_choice":"Fought Mushrooms","floor":12.0,"gold_loss":0.0,"damage_taken":0.0},{"damage_healed":0.0,"max_hp_gain":0.0,"max_hp_loss":0.0,"gold_gain":50.0,"event_name":"Golden Shrine","player_choice":"Pray","floor":20.0,"gold_loss":0.0,"damage_taken":0.0},{"cards_removed":["Hello World"],"damage_healed":0.0,"max_hp_gain":0.0,"max_hp_loss":0.0,"gold_gain":0.0,"event_name":"Wheel of Change","player_choice":"Card Removal","floor":22.0,"gold_loss":0.0,"damage_taken":0.0},{"damage_healed":0.0,"max_hp_gain":0.0,"max_hp_loss":0.0,"gold_gain":0.0,"event_name":"MindBloom","player_choice":"Fight","floor":36.0,"gold_loss":0.0,"damage_taken":0.0},{"damage_healed":0.0,"max_hp_gain":0.0,"max_hp_loss":0.0,"gold_gain":0.0,"event_name":"Mysterious Sphere","player_choice":"Fight","floor":37.0,"gold_loss":0.0,"damage_taken":0.0},{"damage_healed":0.0,"max_hp_gain":0.0,"max_hp_loss":0.0,"gold_gain":0.0,"event_name":"SensoryStone","player_choice":"Memory 3","floor":47.0,"gold_loss":0.0,"damage_taken":10.0}],"is_beta":false,"boss_relics":[{"not_picked":["Velvet Choker","SacredBark"],"picked":"Pandora\u0027s Box"},{"not_picked":["SlaversCollar","Inserter"],"picked":"Runic Pyramid"}],"items_purged_floors":[38,46],"is_endless":false,"potions_floor_spawned":[6,12,13,14,21,25,27,28,31,33,36,37,39,42],"ascension_level":20}