{"gold_per_floor":[158,158,194,194,257,257,29,29,52,85,126,126,220,310,310,428,428,474,492,492,57,120,120,159,159,211,299,338,338,373,419,419,419],"floor_reached":33,"playtime":2106,"items_purged":["Defend_B"],"score":590,"play_id":"aacc59eb-fc15-43f7-91e7-fa5eab92c3aa","local_time":"20220502044203","is_ascension_mode":true,"campfire_choices":[{"data":"HandOfGreed","floor":6.0,"key":"SMITH"},{"data":"Go for the Eyes","floor":8.0,"key":"SMITH"},{"data":"Steam Power","floor":12.0,"key":"SMITH"},{"floor":15.0,"key":"REST"},{"data":"Fission","floor":23.0,"key":"SMITH"},{"data":"Ghostly","floor":25.0,"key":"SMITH"},{"data":"Ghostly","floor":32,"key":"SMITH"}],"neow_cost":"PERCENT_DAMAGE","seed_source_timestamp":361226964213162,"circlet_count":0,"master_deck":["AscendersBane","Strike_B","Strike_B","Strike_B","Defend_B","Defend_B","Defend_B","Zap","Dualcast","HandOfGreed+1","Ball Lightning","Go for the Eyes+1","Steam Power+1","Lockon","Conserve Battery","Tempest","Hologram","Reinforced Body","Echo Form","Cold Snap+1","Turbo","Ghostly+1","Ghostly+1","Ghostly","Defragment","Fission+1","Stack+1"],"special_seed":0,"relics":["Cracked Core","Golden Idol","Runic Capacitor","Bronze Scales","Ancient Tea Set","Omamori","Coffee Dripper","Membership Card","Mummified Hand","Pocketwatch","Red Mask","MealTicket"],"potions_floor_usage":[33],"damage_taken":[{"damage":2.0,"enemies":"Small Slimes","floor":1.0,"turns":3.0},{"damage":1.0,"enemies":"Cultist","floor":3.0,"turns":4.0},{"damage":4.0,"enemies":"2 Louse","floor":5.0,"turns":3.0},{"damage":6.0,"enemies":"Gremlin Nob","floor":10.0,"turns":3.0},{"damage":0.0,"enemies":"Blue Slaver","floor":11.0,"turns":3.0},{"damage":20.0,"enemies":"3 Sentries","floor":13.0,"turns":7.0},{"damage":5.0,"enemies":"Gremlin Gang","floor":14.0,"turns":5.0},{"damage":25.0,"enemies":"Slime Boss","floor":16.0,"turns":10.0},{"damage":24.0,"enemies":"Shell Parasite","floor":18.0,"turns":8.0},{"damage":3.0,"enemies":"3 Byrds","floor":19.0,"turns":2.0},{"damage":0.0,"enemies":"3 Cultists","floor":22.0,"turns":6.0},{"damage":3.0,"enemies":"Book of Stabbing","floor":24.0,"turns":5.0},{"damage":0.0,"enemies":"Masked Bandits","floor":27.0,"turns":4.0},{"damage":0.0,"enemies":"Centurion and Healer","floor":28.0,"turns":5.0},{"damage":12,"enemies":"Slavers","floor":30,"turns":5},{"damage":0,"enemies":"Snecko","floor":31,"turns":4},{"damage":50,"enemies":"Automaton","floor":33,"turns":8}],"seed_played":"-8595781667410287190","potions_obtained":[{"floor":1.0,"key":"Fruit Juice"},{"floor":3.0,"key":"LiquidBronze"},{"floor":10.0,"key":"FairyPotion"},{"floor":11.0,"key":"Fire Potion"},{"floor":19.0,"key":"BlessingOfTheForge"},{"floor":22.0,"key":"DistilledChaos"},{"floor":24.0,"key":"Fruit Juice"},{"floor":27.0,"key":"PotionOfCapacity"},{"floor":30,"key":"Swift Potion"}],"is_trial":false,"path_per_floor":["M","?","M","?","M","R","$","R","T","E","M","R","E","M","R","B",null,"M","M","?","$","M","R","E","R","T","?","M","?","E","M","R","B"],"character_chosen":"DEFECT","items_purchased":["Runic Capacitor","Conserve Battery","Membership Card","Mummified Hand","Defragment","Fission"],"campfire_rested":1,"item_purchase_floors":[7,7,21,21,21,21],"current_hp_per_floor":[44,44,43,43,39,39,39,39,39,38,38,38,18,13,33,8,54,30,27,27,27,27,27,24,24,24,29,29,39,27,27,27,0],"gold":419,"neow_bonus":"RANDOM_COLORLESS_2","is_prod":false,"is_daily":false,"chose_seed":false,"campfire_upgraded":6,"win_rate":0,"timestamp":1651491723,"path_taken":["M","?","M","?","M","R","$","R","T","E","M","R","E","M","R","BOSS","M","M","?","$","M","R","E","R","T","?","M","?","E","M","R","BOSS"],"build_version":"2022-03-07","purchased_purges":1,"victory":false,"max_hp_per_floor":[71,64,64,64,64,64,64,64,64,69,69,69,69,69,69,69,69,69,69,34,34,34,34,34,34,34,39,39,39,39,39,39,39],"relic_stats":{"counters":[17,85],"Golden Idol":90,"Mummified Hand":[16],"Bronze Scales":[297],"MealTicket":0,"Omamori":0,"Membership Card":266,"Ancient Tea Set":[10],"obtain_stats":[{"Golden Idol":2,"Mummified Hand":21,"Bronze Scales":9,"MealTicket":30,"Runic Capacitor":7,"Omamori":13,"Coffee Dripper":17,"Red Mask":27,"Membership Card":21,"Cracked Core":0,"Ancient Tea Set":10,"Pocketwatch":24},{"Golden Idol":1,"Mummified Hand":10,"Bronze Scales":3,"MealTicket":15,"Runic Capacitor":3,"Omamori":6,"Coffee Dripper":8,"Red Mask":13,"Membership Card":10,"Cracked Core":0,"Ancient Tea Set":4,"Pocketwatch":12},{"Golden Idol":3,"Mummified Hand":48,"Bronze Scales":10,"MealTicket":73,"Runic Capacitor":10,"Omamori":23,"Coffee Dripper":38,"Red Mask":63,"Membership Card":48,"Cracked Core":0,"Ancient Tea Set":13,"Pocketwatch":59}],"Pocketwatch":[18]},"card_choices":[{"not_picked":["Apotheosis","Thinking Ahead"],"picked":"HandOfGreed","floor":0.0},{"not_picked":["Recycle","Go for the Eyes"],"picked":"Ball Lightning","floor":1.0},{"not_picked":["Hologram","Rip and Tear"],"picked":"Go for the Eyes","floor":3.0},{"not_picked":["Loop","Reprogram"],"picked":"Lockon","floor":5.0},{"not_picked":["Doom and Gloom","Lockon"],"picked":"Tempest","floor":10.0},{"not_picked":["Reprogram","Stack"],"picked":"Hologram","floor":11.0},{"not_picked":["Rip and Tear","Thunder Strike"],"picked":"Reinforced Body","floor":13.0},{"not_picked":["Barrage","Redo","Capacitor"],"picked":"SKIP","floor":14.0},{"not_picked":["Machine Learning","Multi-Cast"],"picked":"Echo Form","floor":16.0},{"not_picked":["Capacitor","Genetic Algorithm"],"picked":"Cold Snap+1","floor":18.0},{"not_picked":["Cold Snap","Barrage"],"picked":"Turbo","floor":19.0},{"not_picked":["Steam Power","Leap"],"picked":"Stack+1","floor":22.0},{"not_picked":["Streamline","Hologram","Redo"],"picked":"SKIP","floor":24.0},{"not_picked":["Lockon","Force Field","Go for the Eyes+1"],"picked":"SKIP","floor":28.0},{"not_picked":["Coolheaded","Lockon","Echo Form"],"picked":"SKIP","floor":30},{"not_picked":["Hologram","Streamline","Redo"],"picked":"SKIP","floor":31}],"player_experience":911414,"relics_obtained":[{"floor":9.0,"key":"Bronze Scales"},{"floor":10.0,"key":"Ancient Tea Set"},{"floor":13.0,"key":"Omamori"},{"floor":24.0,"key":"Pocketwatch"},{"floor":27.0,"key":"Red Mask"},{"floor":30,"key":"MealTicket"}],"event_choices":[{"damage_healed":0.0,"max_hp_gain":0.0,"max_hp_loss":7.0,"gold_gain":0.0,"event_name":"Golden Idol","player_choice":"Lose Max HP","floor":2.0,"gold_loss":0.0,"damage_taken":0.0,"relics_obtained":["Golden Idol"]},{"damage_healed":0.0,"max_hp_gain":0.0,"max_hp_loss":0.0,"gold_gain":0.0,"cards_transformed":["Strike_B"],"event_name":"Transmorgrifier","player_choice":"Transformed","floor":4.0,"gold_loss":0.0,"damage_taken":0.0,"cards_obtained":["Steam Power"]},{"damage_healed":0.0,"max_hp_gain":0.0,"max_hp_loss":35.0,"gold_gain":0.0,"event_name":"Ghosts","player_choice":"Became a Ghost","floor":20.0,"gold_loss":0.0,"damage_taken":0.0,"cards_obtained":["Ghostly","Ghostly","Ghostly"]},{"damage_healed":0.0,"max_hp_gain":0.0,"max_hp_loss":0.0,"gold_gain":0.0,"event_name":"Masked Bandits","player_choice":"Fought Bandits","floor":27.0,"gold_loss":0.0,"damage_taken":0.0},{"damage_healed":10.0,"max_hp_gain":0.0,"max_hp_loss":0.0,"gold_gain":0.0,"event_name":"Wheel of Change","player_choice":"Full Heal","floor":29.0,"gold_loss":0.0,"damage_taken":0.0}],"is_beta":false,"boss_relics":[{"not_picked":["Sozu","Runic Pyramid"],"picked":"Coffee Dripper"}],"items_purged_floors":[21],"is_endless":false,"potions_floor_spawned":[1,3,10,11,19,22,24,27,30],"killed_by":"Automaton","ascension_level":20}