{"gold_per_floor":[218,236,511,188,204,204,233,308,308,327,327,346,346],"floor_reached":13,"playtime":685,"items_purged":["Regret"],"score":170,"play_id":"01a06bff-ebfe-4492-9386-61a943242e43","local_time":"20220430062745","is_ascension_mode":true,"campfire_choices":[{"data":"Genetic Algorithm","floor":6,"key":"SMITH"}],"neow_cost":"NONE","seed_source_timestamp":260888748016164,"circlet_count":0,"master_deck":["AscendersBane","Strike_B","Strike_B","Strike_B","Strike_B","Defend_B","Defend_B","Defend_B","Defend_B","Zap","Dualcast","Melter","Cold Snap","Beam Cell","Sweeping Beam","Genetic Algorithm+1","Zap","Echo Form","BootSequence"],"relics":["Cracked Core","Vajra","Peace Pipe","Bird Faced Urn"],"potions_floor_usage":[12],"damage_taken":[{"damage":14,"enemies":"Small Slimes","floor":1,"turns":3},{"damage":1,"enemies":"Cultist","floor":2,"turns":3},{"damage":2,"enemies":"2 Louse","floor":5,"turns":2},{"damage":21,"enemies":"Lagavulin","floor":7,"turns":6},{"damage":9,"enemies":"2 Fungi Beasts","floor":10,"turns":2},{"damage":2,"enemies":"Exordium Thugs","floor":12,"turns":4},{"damage":0,"enemies":"3 Louse","floor":13,"turns":1}],"seed_played":"-635836903099444521","potions_obtained":[{"floor":1,"key":"LiquidMemories"},{"floor":7,"key":"Energy Potion"},{"floor":12,"key":"ColorlessPotion"}],"is_trial":false,"path_per_floor":["M","M","?","$","M","R","E","?","T","M","?","M","M"],"character_chosen":"DEFECT","items_purchased":["Vajra","Beam Cell","Sweeping Beam"],"campfire_rested":0,"item_purchase_floors":[4,4,4],"current_hp_per_floor":[50,49,49,49,47,47,26,15,15,6,6,4,4],"gold":346,"neow_bonus":"HUNDRED_GOLD","is_prod":false,"is_daily":false,"chose_seed":false,"campfire_upgraded":1,"win_rate":0,"timestamp":1651318065,"path_taken":["M","M","?","$","?","R","E","?","T","M","?","M","?"],"build_version":"2022-03-07","purchased_purges":1,"victory":false,"max_hp_per_floor":[71,71,71,71,71,71,71,71,71,71,71,71,71],"relic_stats":{"Peace Pipe":0,"counters":[7,21],"Bird Faced Urn":[0],"obtain_stats":[{"Peace Pipe":7,"Bird Faced Urn":9,"Vajra":4,"Cracked Core":0},{"Peace Pipe":4,"Bird Faced Urn":4,"Vajra":2,"Cracked Core":0},{"Peace Pipe":14,"Bird Faced Urn":14,"Vajra":6,"Cracked Core":0}]},"card_choices":[{"not_picked":["Blizzard","Streamline"],"picked":"Melter","floor":1},{"not_picked":["Beam Cell","Sweeping Beam"],"picked":"Cold Snap","floor":2},{"not_picked":["Go for the Eyes","Hologram"],"picked":"Genetic Algorithm","floor":5},{"not_picked":["Sweeping Beam","Turbo","Meteor Strike"],"picked":"SKIP","floor":7},{"not_picked":["Rip and Tear","Auto Shields","Blizzard"],"picked":"SKIP","floor":10},{"not_picked":["Double Energy","Skim"],"picked":"BootSequence","floor":12}],"player_experience":902637,"relics_obtained":[{"floor":7,"key":"Peace Pipe"},{"floor":9,"key":"Bird Faced Urn"}],"event_choices":[{"damage_healed":0,"gold_gain":275,"player_choice":"Desecrate","damage_taken":0,"max_hp_gain":0,"max_hp_loss":0,"event_name":"Golden Shrine","floor":3,"gold_loss":0,"cards_obtained":["Regret"]},{"damage_healed":0,"gold_gain":75,"player_choice":"Gather Gold","damage_taken":11,"max_hp_gain":0,"max_hp_loss":0,"event_name":"World of Goop","floor":8,"gold_loss":0},{"damage_healed":0,"gold_gain":0,"player_choice":"2 cards matched","damage_taken":0,"max_hp_gain":0,"max_hp_loss":0,"event_name":"Match and Keep!","floor":11,"gold_loss":0,"cards_obtained":["Zap","Echo Form"]}],"is_beta":false,"boss_relics":[],"items_purged_floors":[4],"is_endless":false,"potions_floor_spawned":[1,7,10,12],"killed_by":"3 Louse","ascension_level":20}