{"gold_per_floor":[113,113,128,74,87,87,98,125,125,20,20,20],"floor_reached":12,"playtime":540,"items_purged":[],"score":156,"play_id":"fb8a3bbf-da24-4633-988a-210227d3dfd3","local_time":"20220502040002","is_ascension_mode":true,"campfire_choices":[{"data":"Sweeping Beam","floor":6.0,"key":"SMITH"},{"floor":11,"key":"REST"}],"neow_cost":"TEN_PERCENT_HP_LOSS","seed_source_timestamp":360576889037430,"circlet_count":0,"master_deck":["AscendersBane","Strike_B","Strike_B","Strike_B","Strike_B","Defend_B","Defend_B","Defend_B","Defend_B","Zap","Dualcast","Sweeping Beam+1","Defragment","Skim","White Noise","Go for the Eyes","Darkness","Turbo+1","Leap+1"],"special_seed":0,"relics":["Cracked Core","Torii","Mummified Hand","Toxic Egg 2"],"potions_floor_usage":[8,8],"damage_taken":[{"damage":2.0,"enemies":"Jaw Worm","floor":1.0,"turns":4.0},{"damage":2.0,"enemies":"Cultist","floor":3.0,"turns":4.0},{"damage":8.0,"enemies":"2 Louse","floor":5.0,"turns":2.0},{"damage":7.0,"enemies":"2 Fungi Beasts","floor":7.0,"turns":4.0},{"damage":42,"enemies":"Gremlin Nob","floor":8,"turns":5},{"damage":20,"enemies":"3 Sentries","floor":12,"turns":4}],"seed_played":"1867422950318186829","potions_obtained":[{"floor":3.0,"key":"EssenceOfSteel"},{"floor":8,"key":"Energy Potion"}],"is_trial":false,"path_per_floor":["M","?","M","$","M","R","M","E","T","$","R","E"],"character_chosen":"DEFECT","items_purchased":["PowerPotion","Turbo+1","Leap+1"],"campfire_rested":1,"item_purchase_floors":[4,10,10],"current_hp_per_floor":[62,62,60,60,52,52,45,3,3,3,22,2],"gold":20,"neow_bonus":"ONE_RARE_RELIC","is_prod":false,"is_daily":false,"chose_seed":false,"campfire_upgraded":1,"win_rate":0,"timestamp":1651489202,"path_taken":["M","?","M","?","M","R","M","E","T","$","R","E"],"build_version":"2022-03-07","purchased_purges":0,"victory":false,"max_hp_per_floor":[64,64,64,64,64,64,64,64,64,64,64,64],"relic_stats":{"Torii":3,"counters":[6,23],"Mummified Hand":[2],"obtain_stats":[{"Torii":0,"Mummified Hand":8,"Toxic Egg 2":9,"Cracked Core":0},{"Torii":0,"Mummified Hand":5,"Toxic Egg 2":5,"Cracked Core":0},{"Torii":0,"Mummified Hand":19,"Toxic Egg 2":19,"Cracked Core":0}]},"card_choices":[{"not_picked":["Gash","Beam Cell"],"picked":"Sweeping Beam","floor":1.0},{"not_picked":["Steam","Fusion"],"picked":"Skim","floor":3.0},{"not_picked":["Gash","Conserve Battery"],"picked":"White Noise","floor":5.0},{"not_picked":["Gash","Beam Cell"],"picked":"Go for the Eyes","floor":7.0},{"not_picked":["Multi-Cast","Cold Snap"],"picked":"Darkness","floor":8}],"player_experience":910874,"relics_obtained":[{"floor":8,"key":"Mummified Hand"},{"floor":9,"key":"Toxic Egg 2"}],"event_choices":[{"damage_healed":0.0,"max_hp_gain":0.0,"max_hp_loss":0.0,"gold_gain":0.0,"event_name":"Match and Keep!","player_choice":"1 cards matched","floor":2.0,"gold_loss":0.0,"damage_taken":0.0,"cards_obtained":["Defragment"]}],"is_beta":false,"boss_relics":[],"items_purged_floors":[],"is_endless":false,"potions_floor_spawned":[3,8],"killed_by":"3 Sentries","ascension_level":20}