{"gold_per_floor":[118,118,132,151,163,163,176,203,230,230,305,305,305,61,61,157,157,173,173,191,20,20,20,20,20,20,52,52,67,77,104,104,181,181,199,211,132,209,227,227,260,260,335,335,345,365,393,422,434,446],"floor_reached":50,"playtime":3308,"items_purged":["Defend_B","Strike_B"],"score":1180,"play_id":"0c91d642-740f-491b-8efc-02351e3f7bbf","local_time":"20220430232503","is_ascension_mode":true,"campfire_choices":[{"data":"Beam Cell","floor":6.0,"key":"SMITH"},{"floor":13.0,"key":"REST"},{"data":"Defragment","floor":15.0,"key":"SMITH"},{"data":"Biased Cognition","floor":23.0,"key":"SMITH"},{"data":"Defragment","floor":25.0,"key":"SMITH"},{"data":"Electrodynamics","floor":28.0,"key":"SMITH"},{"data":"Amplify","floor":32.0,"key":"SMITH"},{"data":"Turbo","floor":40.0,"key":"SMITH"},{"data":"Zap","floor":42.0,"key":"SMITH"},{"floor":44.0,"key":"RECALL"},{"data":"Tempest","floor":49,"key":"SMITH"}],"neow_cost":"NONE","seed_source_timestamp":0,"circlet_count":0,"master_deck":["AscendersBane","Strike_B","Strike_B","Strike_B","Defend_B","Defend_B","Defend_B","Zap+1","Dualcast","BootSequence","Self Repair","Beam Cell+1","Defragment+1","Glacier","Defragment+1","Core Surge","Biased Cognition+1","CurseOfTheBell","Chill","Stack+1","Defragment+1","Electrodynamics+1","Amplify+1","Turbo+1","Fusion+1","Turbo","Tempest+1"],"special_seed":0,"relics":["Cracked Core","Strawberry","Akabeko","Bloody Idol","Tiny Chest","Calling Bell","Bag of Preparation","Cables","Prayer Wheel","Membership Card","Bottled Lightning","Nunchaku","Emotion Chip","Runic Pyramid","Ornamental Fan","Blood Vial","Blue Candle","MawBank"],"potions_floor_usage":[],"damage_taken":[{"damage":7.0,"enemies":"Jaw Worm","floor":1.0,"turns":3.0},{"damage":7.0,"enemies":"Cultist","floor":3.0,"turns":4.0},{"damage":0.0,"enemies":"2 Louse","floor":4.0,"turns":3.0},{"damage":16.0,"enemies":"2 Fungi Beasts","floor":5.0,"turns":3.0},{"damage":3.0,"enemies":"Blue Slaver","floor":7.0,"turns":3.0},{"damage":15.0,"enemies":"Lagavulin","floor":8.0,"turns":7.0},{"damage":38.0,"enemies":"Slime Boss","floor":16.0,"turns":7.0},{"damage":20.0,"enemies":"2 Thieves","floor":18.0,"turns":5.0},{"damage":0.0,"enemies":"Shell Parasite","floor":20.0,"turns":6.0},{"damage":0.0,"enemies":"Book of Stabbing","floor":27.0,"turns":7.0},{"damage":5.0,"enemies":"Snecko","floor":29.0,"turns":5.0},{"damage":0.0,"enemies":"Centurion and Healer","floor":30.0,"turns":4.0},{"damage":22.0,"enemies":"Slavers","floor":31.0,"turns":2.0},{"damage":10.0,"enemies":"Automaton","floor":33.0,"turns":15.0},{"damage":5.0,"enemies":"3 Shapes","floor":35.0,"turns":5.0},{"damage":3.0,"enemies":"3 Darklings","floor":36.0,"turns":2.0},{"damage":0.0,"enemies":"Spire Growth","floor":39.0,"turns":4.0},{"damage":0.0,"enemies":"Reptomancer","floor":41.0,"turns":4.0},{"damage":26.0,"enemies":"Writhing Mass","floor":45.0,"turns":4.0},{"damage":3.0,"enemies":"Sphere and 2 Shapes","floor":46.0,"turns":5.0},{"damage":32,"enemies":"Giant Head","floor":47,"turns":10},{"damage":17,"enemies":"Spire Growth","floor":48,"turns":5},{"damage":79,"enemies":"Time Eater","floor":50,"turns":4}],"seed_played":"-268289539254054379","potions_obtained":[{"floor":1.0,"key":"SneckoOil"},{"floor":3.0,"key":"Strength Potion"},{"floor":7.0,"key":"DistilledChaos"},{"floor":8.0,"key":"FocusPotion"},{"floor":20.0,"key":"Dexterity Potion"},{"floor":31.0,"key":"Swift Potion"},{"floor":35.0,"key":"Block Potion"},{"floor":39.0,"key":"FocusPotion"}],"is_trial":false,"path_per_floor":["M","?","M","M","M","R","M","E","T","?","?","?","R","$","R","B",null,"M","?","M","$","?","R","$","R","T","E","R","M","M","E","R","B",null,"M","M","$","T","M","R","E","R","T","R","M","M","E","M","R","B"],"character_chosen":"DEFECT","items_purchased":["Defragment","Core Surge","Membership Card","Fire Potion"],"campfire_rested":1,"item_purchase_floors":[14,14,21,37],"current_hp_per_floor":[64,60,53,60,51,51,55,47,47,47,36,18,39,39,39,8,55,42,42,54,54,54,54,54,54,54,66,66,71,71,54,54,56,67,71,71,71,71,71,71,71,71,71,71,50,68,50,52,57,0],"gold":446,"neow_bonus":"RANDOM_COMMON_RELIC","is_prod":false,"is_daily":false,"chose_seed":false,"campfire_upgraded":9,"win_rate":0,"timestamp":1651379103,"path_taken":["M","?","?","M","M","R","M","E","T","?","?","?","R","$","R","BOSS","M","?","M","$","?","R","$","R","T","E","R","M","?","E","R","BOSS","M","M","$","?","?","R","E","R","T","R","?","M","E","M","R","BOSS"],"build_version":"2022-03-07","purchased_purges":2,"victory":false,"max_hp_per_floor":[78,78,78,78,78,78,78,78,78,71,71,71,71,71,71,71,71,71,71,71,71,71,71,71,71,71,71,71,71,71,71,71,71,71,71,71,71,71,71,71,71,71,71,71,71,71,71,71,71,71],"relic_stats":{"counters":[23,117],"Blue Candle":[1],"Bag of Preparation":[32],"MawBank":36,"Cables":[94,51,40,0,3],"Blood Vial":8,"Nunchaku":[7],"Emotion Chip":[40,24,11,0,5],"Ornamental Fan":[12],"Bloody Idol":63,"Tiny Chest":1,"Prayer Wheel":10,"Membership Card":78,"Bottled Lightning":"BootSequence","obtain_stats":[{"Golden Idol":10,"Blue Candle":43,"Bag of Preparation":17,"MawBank":47,"Akabeko":8,"Cables":17,"Calling Bell":17,"Blood Vial":41,"Nunchaku":27,"Emotion Chip":31,"Ornamental Fan":38,"Strawberry":0,"Bloody Idol":19,"Tiny Chest":12,"Prayer Wheel":17,"Membership Card":21,"Bottled Lightning":26,"Cracked Core":0,"Runic Pyramid":34},{"Golden Idol":6,"Blue Candle":18,"Bag of Preparation":7,"MawBank":21,"Akabeko":6,"Cables":7,"Calling Bell":7,"Blood Vial":18,"Nunchaku":10,"Emotion Chip":13,"Ornamental Fan":16,"Strawberry":0,"Bloody Idol":8,"Tiny Chest":6,"Prayer Wheel":7,"Membership Card":9,"Bottled Lightning":9,"Cracked Core":0,"Runic Pyramid":14},{"Golden Idol":23,"Blue Candle":89,"Bag of Preparation":30,"MawBank":108,"Akabeko":23,"Cables":30,"Calling Bell":30,"Blood Vial":89,"Nunchaku":48,"Emotion Chip":59,"Ornamental Fan":81,"Strawberry":0,"Bloody Idol":35,"Tiny Chest":23,"Prayer Wheel":30,"Membership Card":41,"Bottled Lightning":41,"Cracked Core":0,"Runic Pyramid":74}]},"card_choices":[{"not_picked":["Sunder","Static Discharge"],"picked":"BootSequence","floor":1.0},{"not_picked":["Blizzard","Sweeping Beam"],"picked":"Self Repair","floor":3.0},{"not_picked":["Steam","Turbo","Fusion"],"picked":"SKIP","floor":4.0},{"not_picked":["Coolheaded","Steam"],"picked":"Beam Cell","floor":5.0},{"not_picked":["Streamline","Stack"],"picked":"Defragment","floor":7.0},{"not_picked":["Sweeping Beam","Conserve Battery"],"picked":"Glacier","floor":8.0},{"not_picked":["All For One","Multi-Cast"],"picked":"Biased Cognition","floor":16.0},{"not_picked":["Capacitor+1","Conserve Battery"],"picked":"Chill","floor":18.0},{"not_picked":["BootSequence","Hologram","Beam Cell"],"picked":"SKIP","floor":18.0},{"not_picked":["Gash","Go for the Eyes"],"picked":"Stack+1","floor":20.0},{"not_picked":["Turbo","Leap","Undo"],"picked":"SKIP","floor":20.0},{"not_picked":["Gash","Conserve Battery"],"picked":"Electrodynamics","floor":27.0},{"not_picked":["Consume","Rebound+1","Sweeping Beam"],"picked":"SKIP","floor":29.0},{"not_picked":["Heatsinks","Gash","Barrage"],"picked":"SKIP","floor":29.0},{"not_picked":["Leap+1","Recycle","Stack"],"picked":"SKIP","floor":30.0},{"not_picked":["Gash","Sweeping Beam+1","Chaos"],"picked":"SKIP","floor":30.0},{"not_picked":["Hyperbeam","Hologram+1"],"picked":"Amplify","floor":31.0},{"not_picked":["Fusion","Loop+1"],"picked":"Turbo","floor":35.0},{"not_picked":["Conserve Battery","Gash","Hologram"],"picked":"SKIP","floor":35.0},{"not_picked":["Sweeping Beam+1","Conserve Battery+1"],"picked":"Fusion+1","floor":36.0},{"not_picked":["Defragment","Glacier","Redo"],"picked":"SKIP","floor":36.0},{"not_picked":["Rebound","Compile Driver"],"picked":"Turbo","floor":39.0},{"not_picked":["Rebound","Steam","Barrage"],"picked":"SKIP","floor":39.0},{"not_picked":["Conserve Battery+1","Fission","Hologram"],"picked":"SKIP","floor":41.0},{"not_picked":["Gash","Compile Driver","Turbo"],"picked":"SKIP","floor":45.0},{"not_picked":["Defragment","Redo","Barrage+1"],"picked":"SKIP","floor":45.0},{"not_picked":["FTL","Fusion"],"picked":"Tempest","floor":46.0},{"not_picked":["Coolheaded","Glacier","Redo+1"],"picked":"SKIP","floor":46.0},{"not_picked":["Gash","FTL","Leap"],"picked":"SKIP","floor":47},{"not_picked":["Compile Driver","Consume","Ball Lightning"],"picked":"SKIP","floor":48},{"not_picked":["Ball Lightning","BootSequence","Fusion"],"picked":"SKIP","floor":48}],"player_experience":904229,"relics_obtained":[{"floor":8.0,"key":"Akabeko"},{"floor":17.0,"key":"Bag of Preparation"},{"floor":17.0,"key":"Cables"},{"floor":17.0,"key":"Prayer Wheel"},{"floor":26.0,"key":"Bottled Lightning"},{"floor":27.0,"key":"Nunchaku"},{"floor":31.0,"key":"Emotion Chip"},{"floor":38.0,"key":"Ornamental Fan"},{"floor":41.0,"key":"Blood Vial"},{"floor":43.0,"key":"Blue Candle"},{"floor":47,"key":"MawBank"}],"event_choices":[{"damage_healed":0.0,"max_hp_gain":0.0,"max_hp_loss":0.0,"gold_gain":0.0,"event_name":"The Woman in Blue","player_choice":"Bought 0 Potions","floor":2.0,"gold_loss":0.0,"damage_taken":0.0},{"damage_healed":0.0,"max_hp_gain":0.0,"max_hp_loss":7.0,"gold_gain":0.0,"event_name":"Golden Idol","player_choice":"Lose Max HP","floor":10.0,"gold_loss":0.0,"damage_taken":0.0,"relics_obtained":["Golden Idol"]},{"damage_healed":0.0,"max_hp_gain":0.0,"max_hp_loss":0.0,"gold_gain":75.0,"event_name":"World of Goop","player_choice":"Gather Gold","floor":11.0,"gold_loss":0.0,"damage_taken":11.0},{"damage_healed":0.0,"max_hp_gain":0.0,"max_hp_loss":0.0,"gold_gain":0.0,"event_name":"Scrap Ooze","player_choice":"Success","floor":12.0,"gold_loss":0.0,"damage_taken":18.0,"relics_obtained":["Tiny Chest"]},{"damage_healed":0.0,"max_hp_gain":0.0,"max_hp_loss":0.0,"gold_gain":0.0,"event_name":"Forgotten Altar","player_choice":"Gave Idol","floor":19.0,"relics_lost":["Golden Idol"],"gold_loss":0.0,"damage_taken":0.0,"relics_obtained":["Bloody Idol"]},{"damage_healed":0.0,"max_hp_gain":0.0,"max_hp_loss":0.0,"gold_gain":0.0,"event_name":"Duplicator","player_choice":"Copied","floor":22.0,"gold_loss":0.0,"damage_taken":0.0,"cards_obtained":["Defragment"]}],"is_beta":false,"boss_relics":[{"not_picked":["Cursed Key","SacredBark"],"picked":"Calling Bell"},{"not_picked":["Nuclear Battery","Black Star"],"picked":"Runic Pyramid"}],"items_purged_floors":[14,37],"is_endless":false,"potions_floor_spawned":[1,3,7,8,20,27,31,35,39,45,46,47],"killed_by":"Time Eater","ascension_level":20}