{"gold_per_floor":[17,28,28,103,103,119,135,135,135,135],"floor_reached":10,"playtime":353,"items_purged":[],"score":116,"play_id":"c5cff611-c1e0-4c20-a7ce-cc4ca64a2835","local_time":"20220430054946","is_ascension_mode":true,"campfire_choices":[{"floor":8,"key":"REST"}],"neow_cost":"NO_GOLD","seed_source_timestamp":258941186140744,"circlet_count":0,"master_deck":["AscendersBane","Strike_B","Strike_B","Strike_B","Strike_B","Defend_B","Defend_B","Defend_B","Defend_B","Zap","Dualcast","Go for the Eyes","Sweeping Beam","Defragment"],"relics":["Cracked Core","Ginger","Golden Idol","Kunai"],"potions_floor_usage":[7],"damage_taken":[{"damage":1,"enemies":"Cultist","floor":1,"turns":3},{"damage":7,"enemies":"2 Louse","floor":2,"turns":2},{"damage":12,"enemies":"Small Slimes","floor":6,"turns":5},{"damage":4,"enemies":"3 Louse","floor":7,"turns":2},{"damage":35,"enemies":"3 Sentries","floor":10,"turns":4}],"seed_played":"-1471814853647400358","potions_obtained":[{"floor":2,"key":"DistilledChaos"},{"floor":7,"key":"Swift Potion"}],"is_trial":false,"path_per_floor":["M","M","?","?","?","M","M","R","T","E"],"character_chosen":"DEFECT","items_purchased":[],"campfire_rested":1,"item_purchase_floors":[],"current_hp_per_floor":[63,56,32,21,21,9,5,26,26,0],"gold":135,"neow_bonus":"ONE_RARE_RELIC","is_prod":false,"is_daily":false,"chose_seed":false,"campfire_upgraded":0,"win_rate":0,"timestamp":1651315786,"path_taken":["M","M","?","?","?","M","M","R","T","E"],"build_version":"2022-03-07","purchased_purges":0,"victory":false,"max_hp_per_floor":[71,71,71,71,71,71,71,71,71,71],"relic_stats":{"counters":[5,16],"Golden Idol":6,"Ginger":[0],"Kunai":[0],"obtain_stats":[{"Golden Idol":3,"Ginger":0,"Kunai":9,"Cracked Core":0},{"Golden Idol":2,"Ginger":0,"Kunai":4,"Cracked Core":0},{"Golden Idol":5,"Ginger":0,"Kunai":12,"Cracked Core":0}]},"card_choices":[{"not_picked":["Beam Cell","Hologram"],"picked":"Go for the Eyes","floor":1},{"not_picked":["Consume","Heatsinks","Gash"],"picked":"SKIP","floor":2},{"not_picked":["Redo","Skim"],"picked":"Sweeping Beam","floor":6},{"not_picked":["Sunder","Steam"],"picked":"Defragment","floor":7}],"player_experience":901101,"relics_obtained":[{"floor":9,"key":"Kunai"}],"event_choices":[{"damage_healed":0,"gold_gain":0,"player_choice":"Take Damage","damage_taken":24,"relics_obtained":["Golden Idol"],"max_hp_gain":0,"max_hp_loss":0,"event_name":"Golden Idol","floor":3,"gold_loss":0},{"damage_healed":0,"gold_gain":75,"player_choice":"Gather Gold","damage_taken":11,"max_hp_gain":0,"max_hp_loss":0,"event_name":"World of Goop","floor":4,"gold_loss":0},{"damage_healed":0,"gold_gain":0,"player_choice":"Ignored","damage_taken":0,"max_hp_gain":0,"max_hp_loss":0,"event_name":"Liars Game","floor":5,"gold_loss":0}],"is_beta":false,"boss_relics":[],"items_purged_floors":[],"is_endless":false,"potions_floor_spawned":[2,7],"killed_by":"3 Sentries","ascension_level":20}