{"gold_per_floor":[118,130,42,61,74,74,86,86,110,110,144,164,189,203,203,203],"floor_reached":16,"playtime":1267,"items_purged":[],"score":228,"play_id":"9ded64b0-dda8-440e-a60f-756067d8e217","local_time":"20220501133148","is_ascension_mode":true,"campfire_choices":[{"data":"Seek","floor":6.0,"key":"SMITH"},{"data":"Defragment","floor":8.0,"key":"SMITH"},{"data":"Beam Cell","floor":15,"key":"SMITH"}],"neow_cost":"TEN_PERCENT_HP_LOSS","seed_source_timestamp":0,"circlet_count":0,"master_deck":["AscendersBane","Strike_B","Strike_B","Strike_B","Strike_B","Defend_B","Defend_B","Defend_B","Defend_B","Zap","Dualcast","Seek+1","Ball Lightning","Beam Cell+1","Defragment+1","Conserve Battery","FTL","Sweeping Beam","Glacier","Turbo"],"special_seed":0,"relics":["Cracked Core","Boot","Nunchaku"],"potions_floor_usage":[16,16],"damage_taken":[{"damage":5.0,"enemies":"Small Slimes","floor":1.0,"turns":4.0},{"damage":1.0,"enemies":"2 Louse","floor":2.0,"turns":2.0},{"damage":1.0,"enemies":"Cultist","floor":4.0,"turns":3.0},{"damage":7.0,"enemies":"Red Slaver","floor":5.0,"turns":2.0},{"damage":9.0,"enemies":"Blue Slaver","floor":7.0,"turns":3.0},{"damage":11.0,"enemies":"Gremlin Nob","floor":11.0,"turns":3.0},{"damage":1,"enemies":"2 Fungi Beasts","floor":12,"turns":3},{"damage":6,"enemies":"3 Sentries","floor":13,"turns":8},{"damage":1,"enemies":"Looter","floor":14,"turns":3},{"damage":25,"enemies":"Slime Boss","floor":16,"turns":5}],"seed_played":"2147661946635985664","potions_obtained":[{"floor":5.0,"key":"Ancient Potion"},{"floor":7.0,"key":"Fire Potion"},{"floor":13,"key":"Explosive Potion"}],"is_trial":false,"path_per_floor":["M","M","$","M","M","R","M","R","T","?","E","M","E","M","R","B"],"character_chosen":"DEFECT","items_purchased":["Defragment"],"campfire_rested":0,"item_purchase_floors":[3],"current_hp_per_floor":[59,58,58,57,50,50,41,41,41,41,30,29,23,22,22,0],"gold":203,"neow_bonus":"THREE_RARE_CARDS","is_prod":false,"is_daily":false,"chose_seed":false,"campfire_upgraded":3,"win_rate":0,"timestamp":1651429908,"path_taken":["M","M","$","M","M","R","M","R","T","?","E","M","E","M","R","BOSS"],"build_version":"2022-03-07","purchased_purges":0,"victory":false,"max_hp_per_floor":[64,64,64,64,64,64,64,64,64,64,64,64,64,64,64,64],"relic_stats":{"Nunchaku":[1],"counters":[10,36],"Boot":[9],"obtain_stats":[{"Nunchaku":13,"Cracked Core":0,"Boot":11},{"Nunchaku":8,"Cracked Core":0,"Boot":6},{"Nunchaku":28,"Cracked Core":0,"Boot":17}]},"card_choices":[{"not_picked":["Fission","Thunder Strike"],"picked":"Seek","floor":0.0},{"not_picked":["Turbo","Redo"],"picked":"Ball Lightning","floor":1.0},{"not_picked":["Reprogram","Hello World"],"picked":"Beam Cell","floor":2.0},{"not_picked":["Streamline","Compile Driver"],"picked":"Conserve Battery","floor":4.0},{"not_picked":["Static Discharge","Leap"],"picked":"FTL","floor":5.0},{"not_picked":["Streamline","Stack"],"picked":"Sweeping Beam","floor":7.0},{"not_picked":["Steam Power","Self Repair"],"picked":"Glacier","floor":11},{"not_picked":["Undo","Cold Snap"],"picked":"Turbo","floor":12},{"not_picked":["Reprogram","Beam Cell","Auto Shields"],"picked":"SKIP","floor":13},{"not_picked":["Loop","Sweeping Beam","Cold Snap"],"picked":"SKIP","floor":14}],"player_experience":907537,"relics_obtained":[{"floor":11,"key":"Boot"},{"floor":13,"key":"Nunchaku"}],"event_choices":[{"damage_healed":0.0,"max_hp_gain":0.0,"max_hp_loss":0.0,"gold_gain":0.0,"event_name":"Scrap Ooze","player_choice":"Fled","floor":10.0,"gold_loss":0.0,"damage_taken":0.0}],"is_beta":false,"boss_relics":[],"items_purged_floors":[],"is_endless":false,"potions_floor_spawned":[5,7,11,13],"killed_by":"Slime Boss","ascension_level":20}