{"gold_per_floor":[109,109,119,119,119,150,115,144,171,171,171],"floor_reached":11,"playtime":470,"items_purged":[],"score":158,"play_id":"9c693cbd-bf77-4434-9d04-20c8b556e86b","local_time":"20220428123726","is_ascension_mode":true,"campfire_choices":[{"data":"Defragment","floor":10.0,"key":"SMITH"}],"neow_cost":"NONE","seed_source_timestamp":158955137524650,"circlet_count":0,"master_deck":["AscendersBane","Strike_B","Strike_B","Strike_B","Strike_B","Defend_B","Defend_B","Defend_B","Defend_B","Zap","Dualcast","Defragment+1","Loop","Storm"],"special_seed":0,"relics":["Busted Crown","Smiling Mask","Juzu Bracelet","Happy Flower","Blood Vial"],"potions_floor_usage":[11,11],"damage_taken":[{"damage":4.0,"enemies":"Small Slimes","floor":1.0,"turns":3.0},{"damage":1.0,"enemies":"Cultist","floor":3.0,"turns":4.0},{"damage":41.0,"enemies":"Lagavulin","floor":6.0,"turns":8.0},{"damage":9.0,"enemies":"Gremlin Nob","floor":8.0,"turns":3.0},{"damage":35,"enemies":"3 Sentries","floor":11,"turns":6}],"seed_played":"8416258483267638176","potions_obtained":[{"floor":5.0,"key":"Fruit Juice"},{"floor":5.0,"key":"ColorlessPotion"},{"floor":6.0,"key":"SteroidPotion"},{"floor":8.0,"key":"SteroidPotion"}],"is_trial":false,"path_per_floor":["M","?","M","?","?","E","?","E","T","R","E"],"character_chosen":"DEFECT","items_purchased":[],"campfire_rested":0,"item_purchase_floors":[],"current_hp_per_floor":[60,60,59,59,64,23,42,33,33,33,0],"gold":171,"neow_bonus":"BOSS_RELIC","is_prod":false,"is_daily":false,"chose_seed":false,"campfire_upgraded":1,"win_rate":0,"timestamp":1651167446,"path_taken":["M","?","?","?","?","E","?","E","T","R","E"],"build_version":"2022-03-07","purchased_purges":0,"victory":false,"max_hp_per_floor":[71,71,71,71,76,76,76,76,76,76,76],"relic_stats":{"Blood Vial":2,"Busted Crown":8,"Happy Flower":[2],"counters":[5,24],"Juzu Bracelet":1,"Smiling Mask":0,"obtain_stats":[{"Blood Vial":9,"Busted Crown":0,"Happy Flower":8,"Juzu Bracelet":6,"Cracked Core":0,"Smiling Mask":2},{"Blood Vial":4,"Busted Crown":0,"Happy Flower":4,"Juzu Bracelet":3,"Cracked Core":0,"Smiling Mask":1},{"Blood Vial":18,"Busted Crown":0,"Happy Flower":18,"Juzu Bracelet":15,"Cracked Core":0,"Smiling Mask":3}]},"card_choices":[{"not_picked":[],"picked":"Streamline","floor":1.0},{"not_picked":[],"picked":"Defragment","floor":3.0},{"not_picked":[],"picked":"Loop","floor":6.0},{"not_picked":[],"picked":"Storm","floor":8.0}],"player_experience":868495,"relics_obtained":[{"floor":6.0,"key":"Juzu Bracelet"},{"floor":8.0,"key":"Happy Flower"},{"floor":9.0,"key":"Blood Vial"}],"event_choices":[{"cards_removed":["Streamline"],"damage_healed":0.0,"max_hp_gain":0.0,"max_hp_loss":0.0,"gold_gain":0.0,"event_name":"WeMeetAgain","player_choice":"Gave Card","floor":2.0,"gold_loss":0.0,"damage_taken":0.0,"relics_obtained":["Smiling Mask"]},{"damage_healed":0.0,"max_hp_gain":0.0,"max_hp_loss":0.0,"gold_gain":0.0,"event_name":"Scrap Ooze","player_choice":"Fled","floor":4.0,"gold_loss":0.0,"damage_taken":0.0},{"damage_healed":0.0,"max_hp_gain":0.0,"max_hp_loss":0.0,"gold_gain":0.0,"event_name":"Lab","player_choice":"Got Potions","floor":5.0,"gold_loss":0.0,"damage_taken":0.0},{"damage_healed":19.0,"max_hp_gain":0.0,"max_hp_loss":0.0,"gold_gain":0.0,"event_name":"The Cleric","player_choice":"Healed","floor":7.0,"gold_loss":35.0,"damage_taken":0.0}],"is_beta":false,"boss_relics":[],"items_purged_floors":[],"is_endless":false,"potions_floor_spawned":[6,8],"killed_by":"3 Sentries","ascension_level":20}