{"gold_per_floor":[14,14,14,33,48,48,91,16,16,16,43,8,48,64,64,159,159,173,173,188,188,88,88,112,148,218,258,173,193,233,158,158,254,254,269,269,284,303,65,101,101,136,136,149,193,224,224,12,12,12,12],"floor_reached":51,"playtime":5175,"items_purged":["Defend_B","Pain","Defend_B"],"score":1648,"play_id":"83056b18-2eed-4690-88ad-93a73edd5252","local_time":"20220607010345","is_ascension_mode":true,"campfire_choices":[{"data":"Redo","floor":6.0,"key":"SMITH"},{"data":"Melter","floor":10.0,"key":"SMITH"},{"data":"Zap","floor":15.0,"key":"SMITH"},{"data":"Fission","floor":23.0,"key":"SMITH"},{"floor":32.0,"key":"REST"},{"data":"Seek","floor":41.0,"key":"SMITH"},{"data":"Capacitor","floor":47.0,"key":"SMITH"},{"floor":49.0,"key":"RECALL"}],"neow_cost":"NO_GOLD","seed_source_timestamp":0,"circlet_count":0,"master_deck":["AscendersBane","Strike_B+1","Strike_B+1","Zap+1","Dualcast","Buffer+1","Redo+1","Stack","BootSequence","Melter+1","White Noise","Ball Lightning","Fission+1","Glacier","Go for the Eyes","Seek+1","Defragment","All For One","Biased Cognition","Streamline+1","Reboot+1","Melter+1","Electrodynamics","Creative AI","Coolheaded","Capacitor+1"],"special_seed":0,"relics":["Cracked Core","Golden Idol","White Beast Statue","Whetstone","Akabeko","Black Star","WarpedTongs","PreservedInsect","Darkstone Periapt","Shuriken","Blood Vial","Juzu Bracelet","Unceasing Top","Bottled Lightning","Astrolabe","Bag of Marbles","Smiling Mask","Du-Vu Doll","Pen Nib","Happy Flower","DataDisk","Art of War","Dead Branch","CaptainsWheel","Vajra"],"potions_floor_usage":[],"damage_taken":[{"damage":0.0,"enemies":"Small Slimes","floor":1.0,"turns":4.0},{"damage":0.0,"enemies":"Jaw Worm","floor":4.0,"turns":4.0},{"damage":5.0,"enemies":"2 Louse","floor":5.0,"turns":2.0},{"damage":54.0,"enemies":"3 Sentries","floor":7.0,"turns":12.0},{"damage":8.0,"enemies":"Gremlin Nob","floor":13.0,"turns":5.0},{"damage":2.0,"enemies":"Exordium Wildlife","floor":14.0,"turns":4.0},{"damage":6.0,"enemies":"Hexaghost","floor":16.0,"turns":8.0},{"damage":0.0,"enemies":"Spheric Guardian","floor":18.0,"turns":2.0},{"damage":8.0,"enemies":"2 Thieves","floor":20.0,"turns":4.0},{"damage":9.0,"enemies":"Snake Plant","floor":24.0,"turns":3.0},{"damage":27.0,"enemies":"Book of Stabbing","floor":25.0,"turns":5.0},{"damage":8.0,"enemies":"Gremlin Leader","floor":27.0,"turns":7.0},{"damage":0.0,"enemies":"Cultist and Chosen","floor":29.0,"turns":8.0},{"damage":0.0,"enemies":"Book of Stabbing","floor":30.0,"turns":3.0},{"damage":13.0,"enemies":"Champ","floor":33.0,"turns":15.0},{"damage":0.0,"enemies":"Orb Walker","floor":35.0,"turns":2.0},{"damage":0.0,"enemies":"3 Darklings","floor":37.0,"turns":4.0},{"damage":0.0,"enemies":"Transient","floor":38.0,"turns":6.0},{"damage":15.0,"enemies":"Giant Head","floor":40.0,"turns":7.0},{"damage":5.0,"enemies":"Nemesis","floor":42.0,"turns":5.0},{"damage":0.0,"enemies":"Jaw Worm Horde","floor":44.0,"turns":3.0},{"damage":0.0,"enemies":"Giant Head","floor":45.0,"turns":8.0},{"damage":0.0,"enemies":"Mind Bloom Boss Battle","floor":46.0,"turns":2.0},{"damage":42.0,"enemies":"Time Eater","floor":50.0,"turns":12.0},{"damage":9,"enemies":"Donu and Deca","floor":51,"turns":5}],"seed_played":"8820888813466378433","potions_obtained":[{"floor":1.0,"key":"SkillPotion"},{"floor":5.0,"key":"Regen Potion"},{"floor":13.0,"key":"BlessingOfTheForge"},{"floor":14.0,"key":"ColorlessPotion"},{"floor":16.0,"key":"FearPotion"},{"floor":18.0,"key":"AttackPotion"},{"floor":20.0,"key":"SkillPotion"},{"floor":24.0,"key":"Ancient Potion"},{"floor":25.0,"key":"GamblersBrew"},{"floor":27.0,"key":"Energy Potion"},{"floor":29.0,"key":"DistilledChaos"},{"floor":30.0,"key":"PowerPotion"},{"floor":33.0,"key":"Weak Potion"},{"floor":35.0,"key":"AttackPotion"},{"floor":37.0,"key":"Weak Potion"},{"floor":38.0,"key":"Energy Potion"},{"floor":42.0,"key":"ColorlessPotion"},{"floor":46.0,"key":"Dexterity Potion"}],"is_trial":false,"path_per_floor":["M","?","?","M","M","R","E","$","T","R","T","?","E","M","R","B",null,"M","?","M","?","$","R","M","E","T","E","?","M","E","?","R","B",null,"M","?","M","M","$","E","R","E","T","M","E","?","R","$","R","B","B"],"character_chosen":"DEFECT","items_purchased":["Electrodynamics","Bag of Marbles","Vajra"],"campfire_rested":1,"item_purchase_floors":[39,39,48],"current_hp_per_floor":[64,64,64,64,59,59,20,20,20,20,20,36,28,26,26,20,53,53,53,45,45,45,45,36,9,9,1,1,3,5,5,24,13,51,53,49,51,53,53,40,40,37,37,39,41,43,43,43,43,3,0],"gold":12,"neow_bonus":"THREE_RARE_CARDS","is_prod":false,"is_daily":false,"chose_seed":false,"campfire_upgraded":6,"win_rate":0,"timestamp":1654581825,"path_taken":["M","?","?","M","M","R","E","?","T","R","?","?","E","M","R","BOSS","M","?","?","?","$","R","M","E","T","E","?","M","E","?","R","BOSS","M","?","M","M","$","E","R","E","T","M","E","?","R","$","R","BOSS","BOSS"],"build_version":"2022-03-07","purchased_purges":3,"victory":false,"max_hp_per_floor":[71,71,64,64,64,64,64,64,64,64,64,64,64,64,64,64,64,64,64,64,64,64,64,64,64,64,64,64,64,64,64,64,64,64,64,64,64,64,64,64,64,64,64,64,64,64,64,64,64,64,64],"relic_stats":{"Darkstone Periapt":0,"Happy Flower":[10],"counters":[25,140],"Golden Idol":175,"Astrolabe":["Streamline","Reboot","Melter"],"Dead Branch":[21],"PreservedInsect":400,"Pen Nib":[4],"Juzu Bracelet":1,"Whetstone":["Strike_B","Strike_B"],"Smiling Mask":75,"White Beast Statue":[0.0024998400000000014,0.0,0.10427520000000007,0.0,0.43920256000000024,0.0,0.38386560000000025,0.0,0.06894720000000004,0.0,0.0012096000000000008,8.423772160000002],"WarpedTongs":[98],"Blood Vial":26,"Shuriken":[22],"Black Star":6,"Art of War":[6],"Bottled Lightning":"Seek","obtain_stats":[{"Darkstone Periapt":25,"Vajra":48,"Juzu Bracelet":28,"Whetstone":11,"Smiling Mask":40,"Blood Vial":27,"Cracked Core":0,"Happy Flower":42,"Golden Idol":3,"Astrolabe":34,"Dead Branch":45,"PreservedInsect":25,"Pen Nib":42,"White Beast Statue":7,"Akabeko":13,"WarpedTongs":19,"Du-Vu Doll":40,"DataDisk":43,"CaptainsWheel":46,"Shuriken":26,"Black Star":17,"Bag of Marbles":39,"Art of War":45,"Bottled Lightning":30,"Unceasing Top":30},{"Darkstone Periapt":11,"Vajra":23,"Juzu Bracelet":12,"Whetstone":4,"Smiling Mask":19,"Blood Vial":12,"Cracked Core":0,"Happy Flower":20,"Golden Idol":1,"Astrolabe":15,"Dead Branch":22,"PreservedInsect":11,"Pen Nib":20,"White Beast Statue":4,"Akabeko":5,"WarpedTongs":8,"Du-Vu Doll":19,"DataDisk":20,"CaptainsWheel":23,"Shuriken":11,"Black Star":7,"Bag of Marbles":18,"Art of War":22,"Bottled Lightning":14,"Unceasing Top":14},{"Darkstone Periapt":53,"Vajra":123,"Juzu Bracelet":60,"Whetstone":22,"Smiling Mask":105,"Blood Vial":60,"Cracked Core":0,"Happy Flower":110,"Golden Idol":4,"Astrolabe":86,"Dead Branch":121,"PreservedInsect":53,"Pen Nib":110,"White Beast Statue":22,"Akabeko":27,"WarpedTongs":41,"Du-Vu Doll":105,"DataDisk":110,"CaptainsWheel":123,"Shuriken":53,"Black Star":39,"Bag of Marbles":98,"Art of War":121,"Bottled Lightning":71,"Unceasing Top":71}],"Unceasing Top":[4]},"card_choices":[{"not_picked":["Fission","Machine Learning"],"picked":"Buffer","floor":0.0},{"not_picked":["Steam Power","Auto Shields"],"picked":"Redo","floor":1.0},{"not_picked":["Double Energy","Consume"],"picked":"Stack","floor":4.0},{"not_picked":["Gash","Redo"],"picked":"BootSequence","floor":5.0},{"not_picked":["Streamline","Meteor Strike"],"picked":"Melter","floor":7.0},{"not_picked":["Rebound","Gash"],"picked":"White Noise","floor":13.0},{"not_picked":["Conserve Battery","Scrape"],"picked":"Ball Lightning","floor":14.0},{"not_picked":["Thunder Strike","Multi-Cast"],"picked":"Fission","floor":16.0},{"not_picked":["Rebound","Leap"],"picked":"Glacier","floor":18.0},{"not_picked":["Fusion","Redo"],"picked":"Go for the Eyes","floor":20.0},{"not_picked":["Barrage","Rebound","Leap"],"picked":"SKIP","floor":24.0},{"not_picked":["Go for the Eyes+1","Self Repair"],"picked":"Defragment","floor":25.0},{"not_picked":["Fusion","Aggregate"],"picked":"All For One","floor":27.0},{"not_picked":["Redo","Sunder","Beam Cell"],"picked":"SKIP","floor":29.0},{"not_picked":["Streamline","Sunder","Fusion"],"picked":"SKIP","floor":30.0},{"not_picked":["Buffer","Seek"],"picked":"Biased Cognition","floor":33.0},{"not_picked":["Skim","Go for the Eyes","Cold Snap"],"picked":"SKIP","floor":35.0},{"not_picked":["Beam Cell","Redo+1","Consume"],"picked":"SKIP","floor":37.0},{"not_picked":["Recycle+1","Rebound+1","Gash"],"picked":"SKIP","floor":38.0},{"not_picked":["Barrage+1","Stack"],"picked":"Creative AI","floor":40.0},{"not_picked":["Rebound","Leap","Beam Cell"],"picked":"SKIP","floor":42.0},{"not_picked":["Chill","Recycle"],"picked":"Coolheaded","floor":44.0},{"not_picked":["Leap","Ball Lightning","Gash+1"],"picked":"SKIP","floor":45.0},{"not_picked":["Recycle","Stack"],"picked":"Capacitor","floor":46.0}],"player_experience":976708,"relics_obtained":[{"floor":7.0,"key":"White Beast Statue"},{"floor":11.0,"key":"Whetstone"},{"floor":13.0,"key":"Akabeko"},{"floor":25.0,"key":"PreservedInsect"},{"floor":25.0,"key":"Darkstone Periapt"},{"floor":26.0,"key":"Shuriken"},{"floor":27.0,"key":"Blood Vial"},{"floor":30.0,"key":"Unceasing Top"},{"floor":30.0,"key":"Bottled Lightning"},{"floor":40.0,"key":"Smiling Mask"},{"floor":40.0,"key":"Du-Vu Doll"},{"floor":42.0,"key":"Pen Nib"},{"floor":42.0,"key":"Happy Flower"},{"floor":43.0,"key":"DataDisk"},{"floor":45.0,"key":"Art of War"},{"floor":45.0,"key":"Dead Branch"},{"floor":46.0,"key":"CaptainsWheel"}],"event_choices":[{"damage_healed":0.0,"max_hp_gain":0.0,"max_hp_loss":0.0,"gold_gain":0.0,"event_name":"Living Wall","player_choice":"Grow","floor":2.0,"gold_loss":0.0,"damage_taken":0.0,"cards_upgraded":["Buffer"]},{"damage_healed":0.0,"max_hp_gain":0.0,"max_hp_loss":7.0,"gold_gain":0.0,"event_name":"Golden Idol","player_choice":"Lose Max HP","floor":3.0,"gold_loss":0.0,"damage_taken":0.0,"relics_obtained":["Golden Idol"]},{"damage_healed":16.0,"max_hp_gain":0.0,"max_hp_loss":0.0,"gold_gain":0.0,"event_name":"The Cleric","player_choice":"Healed","floor":12.0,"gold_loss":35.0,"damage_taken":0.0},{"damage_healed":0.0,"max_hp_gain":0.0,"max_hp_loss":0.0,"gold_gain":0.0,"event_name":"Accursed Blacksmith","player_choice":"Rummage","floor":19.0,"gold_loss":0.0,"damage_taken":0.0,"relics_obtained":["WarpedTongs"],"cards_obtained":["Pain"]},{"damage_healed":0.0,"max_hp_gain":0.0,"max_hp_loss":0.0,"gold_gain":0.0,"event_name":"The Library","player_choice":"Read","floor":21.0,"gold_loss":0.0,"damage_taken":0.0,"cards_obtained":["Seek"]},{"damage_healed":0.0,"max_hp_gain":0.0,"max_hp_loss":0.0,"gold_gain":0.0,"event_name":"Addict","player_choice":"Obtained Relic","floor":28.0,"gold_loss":85.0,"damage_taken":0.0,"relics_obtained":["Juzu Bracelet"]},{"cards_removed":["Strike_B"],"damage_healed":0.0,"max_hp_gain":0.0,"max_hp_loss":0.0,"gold_gain":0.0,"event_name":"Beggar","player_choice":"Gave Gold","floor":31.0,"gold_loss":75.0,"damage_taken":0.0},{"damage_healed":0.0,"max_hp_gain":0.0,"max_hp_loss":0.0,"gold_gain":0.0,"event_name":"The Woman in Blue","player_choice":"Bought 0 Potions","floor":36.0,"gold_loss":0.0,"damage_taken":0.0},{"damage_healed":0.0,"max_hp_gain":0.0,"max_hp_loss":0.0,"gold_gain":0.0,"event_name":"MindBloom","player_choice":"Fight","floor":46.0,"gold_loss":0.0,"damage_taken":0.0}],"is_beta":false,"boss_relics":[{"not_picked":["Runic Dome","Velvet Choker"],"picked":"Black Star"},{"not_picked":["Calling Bell","Tiny House"],"picked":"Astrolabe"}],"items_purged_floors":[8,22,48],"is_endless":false,"potions_floor_spawned":[1,5,13,14,16,18,20,24,25,27,29,30,33,35,37,38,40,42,44,45,46],"killed_by":"Donu and Deca","ascension_level":20}