{"gold_per_floor":[109,125,139,189,200,200,228,228,228,66,101,101,101,57,57,135,135,152,72],"floor_reached":19,"playtime":1281,"items_purged":[],"score":400,"play_id":"012df5a6-f2ff-43a8-bdb7-5937e5687474","local_time":"20220818021233","is_ascension_mode":true,"campfire_choices":[{"data":"Coolheaded","floor":6.0,"key":"SMITH"},{"data":"Reinforced Body","floor":8.0,"key":"SMITH"},{"data":"Dualcast","floor":13.0,"key":"SMITH"},{"data":"Defragment","floor":15.0,"key":"SMITH"}],"neow_cost":"NONE","seed_source_timestamp":696910904489541,"circlet_count":0,"master_deck":["AscendersBane","Strike_B","Strike_B","Strike_B","Strike_B","Defend_B","Defend_B","Defend_B","Defend_B","Zap","Dualcast+1","CurseOfTheBell","Doom and Gloom","Coolheaded+1","Turbo","Echo Form","Go for the Eyes","Cold Snap","Reinforced Body+1","Self Repair","Defragment+1","Electrodynamics","Redo+1","Conserve Battery"],"special_seed":0,"relics":["Calling Bell","Akabeko","Blue Candle","Prayer Wheel","Orichalcum","Oddly Smooth Stone","ClockworkSouvenir","Gremlin Horn","Fusion Hammer"],"potions_floor_usage":[],"damage_taken":[{"damage":7.0,"enemies":"Small Slimes","floor":1.0,"turns":3.0},{"damage":0.0,"enemies":"Cultist","floor":2.0,"turns":3.0},{"damage":7.0,"enemies":"Jaw Worm","floor":3.0,"turns":5.0},{"damage":0.0,"enemies":"2 Fungi Beasts","floor":5.0,"turns":4.0},{"damage":1.0,"enemies":"Lagavulin","floor":7.0,"turns":5.0},{"damage":2.0,"enemies":"Gremlin Nob","floor":11.0,"turns":3.0},{"damage":11.0,"enemies":"Hexaghost","floor":16.0,"turns":10.0},{"damage":29.0,"enemies":"3 Byrds","floor":18.0,"turns":10.0},{"damage":26,"enemies":"2 Thieves","floor":19,"turns":3}],"seed_played":"-2270453069685290607","potions_obtained":[{"floor":1.0,"key":"AttackPotion"},{"floor":3.0,"key":"LiquidBronze"}],"is_trial":false,"path_per_floor":["M","M","M","?","M","R","E","R","T","$","E","$","R","$","R","B",null,"M","M"],"character_chosen":"DEFECT","items_purchased":["ClockworkSouvenir","Defragment"],"campfire_rested":0,"item_purchase_floors":[10,14],"current_hp_per_floor":[57,57,50,43,43,43,42,42,42,42,40,40,40,40,40,36,62,40,14],"gold":72,"neow_bonus":"BOSS_RELIC","is_prod":false,"is_daily":false,"chose_seed":false,"campfire_upgraded":4,"win_rate":0,"timestamp":1660813953,"path_taken":["M","M","M","?","M","R","E","R","T","?","E","$","R","$","R","BOSS","M","M"],"build_version":"2022-03-07","purchased_purges":0,"victory":false,"max_hp_per_floor":[71,71,71,71,71,71,71,71,71,71,71,71,71,71,71,71,71,71,71],"relic_stats":{"Gremlin Horn":[2,2],"counters":[9,46],"Blue Candle":[2],"Prayer Wheel":5,"Orichalcum":[60],"obtain_stats":[{"Calling Bell":0,"Gremlin Horn":11,"Blue Candle":0,"Oddly Smooth Stone":9,"Prayer Wheel":0,"Fusion Hammer":17,"Orichalcum":7,"Cracked Core":0,"Akabeko":0,"ClockworkSouvenir":10},{"Calling Bell":0,"Gremlin Horn":6,"Blue Candle":0,"Oddly Smooth Stone":5,"Prayer Wheel":0,"Fusion Hammer":7,"Orichalcum":5,"Cracked Core":0,"Akabeko":0,"ClockworkSouvenir":5},{"Calling Bell":0,"Gremlin Horn":23,"Blue Candle":0,"Oddly Smooth Stone":20,"Prayer Wheel":0,"Fusion Hammer":33,"Orichalcum":20,"Cracked Core":0,"Akabeko":0,"ClockworkSouvenir":20}]},"card_choices":[{"not_picked":["Rebound","Coolheaded"],"picked":"Doom and Gloom","floor":1.0},{"not_picked":["Ball Lightning","Scrape"],"picked":"Coolheaded","floor":1.0},{"not_picked":["Cold Snap","Gash"],"picked":"Turbo","floor":2.0},{"not_picked":["Redo","Steam"],"picked":"Echo Form","floor":2.0},{"not_picked":["Steam","Barrage"],"picked":"Go for the Eyes","floor":3.0},{"not_picked":["Streamline","Compile Driver"],"picked":"Cold Snap","floor":3.0},{"not_picked":["Leap","White Noise"],"picked":"Reinforced Body","floor":5.0},{"not_picked":["Aggregate","Sweeping Beam","Leap"],"picked":"SKIP","floor":5.0},{"not_picked":["Reprogram","Hyperbeam","Recycle"],"picked":"SKIP","floor":7.0},{"not_picked":["Reinforced Body","Blizzard"],"picked":"Self Repair","floor":11.0},{"not_picked":["Echo Form","Core Surge"],"picked":"Electrodynamics","floor":16.0},{"not_picked":["Cold Snap","Self Repair"],"picked":"Redo+1","floor":18.0},{"not_picked":["Go for the Eyes","Barrage"],"picked":"Conserve Battery","floor":18.0}],"player_experience":1050123,"relics_obtained":[{"floor":0.0,"key":"Akabeko"},{"floor":0.0,"key":"Blue Candle"},{"floor":0.0,"key":"Prayer Wheel"},{"floor":7.0,"key":"Orichalcum"},{"floor":9.0,"key":"Oddly Smooth Stone"},{"floor":11.0,"key":"Gremlin Horn"}],"event_choices":[{"damage_healed":0.0,"max_hp_gain":0.0,"max_hp_loss":0.0,"gold_gain":50.0,"event_name":"FaceTrader","player_choice":"Touch","floor":4.0,"gold_loss":0.0,"damage_taken":7.0}],"is_beta":false,"boss_relics":[{"not_picked":["Tiny House","Nuclear Battery"],"picked":"Fusion Hammer"}],"items_purged_floors":[],"is_endless":false,"potions_floor_spawned":[1,3,5],"killed_by":"2 Thieves","ascension_level":20}