{"gold_per_floor":[118,138,138,150,150,150,170,199,252,262,287,301,301,320,320,394,394,414,70,100,115,115,115],"floor_reached":23,"playtime":1264,"items_purged":[],"score":506,"play_id":"8ccf97f8-6e79-4fdb-9d6c-16a7c2495c00","local_time":"20220815161743","is_ascension_mode":true,"campfire_choices":[{"data":"Tempest","floor":6.0,"key":"SMITH"},{"data":"Defragment","floor":15.0,"key":"SMITH"}],"neow_cost":"NONE","seed_source_timestamp":560391612588876,"circlet_count":0,"master_deck":["AscendersBane","Strike_B","Strike_B","Strike_B","Defend_B","Defend_B","Defend_B","Zap","Dualcast+1","Conserve Battery+1","Tempest+1","Turbo","Defragment+1","Rainbow","Cold Snap","Stack","Go for the Eyes","All For One","Biased Cognition","Lockon+1","Defragment"],"special_seed":0,"relics":["Coffee Dripper","White Beast Statue","Pen Nib","War Paint","Snecko Eye","Letter Opener","Red Mask"],"potions_floor_usage":[23,23],"damage_taken":[{"damage":5.0,"enemies":"2 Louse","floor":1.0,"turns":3.0},{"damage":0.0,"enemies":"Jaw Worm","floor":2.0,"turns":2.0},{"damage":1.0,"enemies":"Cultist","floor":4.0,"turns":3.0},{"damage":0.0,"enemies":"Looter","floor":7.0,"turns":2.0},{"damage":4.0,"enemies":"Gremlin Nob","floor":8.0,"turns":3.0},{"damage":14.0,"enemies":"Exordium Thugs","floor":10.0,"turns":4.0},{"damage":10.0,"enemies":"Lagavulin","floor":11.0,"turns":6.0},{"damage":3.0,"enemies":"Blue Slaver","floor":12.0,"turns":3.0},{"damage":12.0,"enemies":"3 Louse","floor":14.0,"turns":2.0},{"damage":0.0,"enemies":"Slime Boss","floor":16.0,"turns":7.0},{"damage":0.0,"enemies":"Spheric Guardian","floor":18.0,"turns":3.0},{"damage":0.0,"enemies":"Masked Bandits","floor":20.0,"turns":2.0},{"damage":11.0,"enemies":"Shell Parasite","floor":21.0,"turns":3.0},{"damage":69,"enemies":"Gremlin Leader","floor":23,"turns":7}],"seed_played":"8516097374387517937","potions_obtained":[{"floor":2.0,"key":"ColorlessPotion"},{"floor":7.0,"key":"FearPotion"},{"floor":8.0,"key":"LiquidBronze"},{"floor":10.0,"key":"PotionOfCapacity"},{"floor":11.0,"key":"Ancient Potion"},{"floor":12.0,"key":"AttackPotion"},{"floor":14.0,"key":"LiquidMemories"},{"floor":16.0,"key":"Block Potion"},{"floor":18.0,"key":"PowerPotion"},{"floor":20.0,"key":"SkillPotion"},{"floor":21.0,"key":"Block Potion"}],"is_trial":false,"path_per_floor":["M","M","?","M","?","R","M","E","T","M","E","M","?","M","R","B",null,"M","$","?","M","?","E"],"character_chosen":"DEFECT","items_purchased":["Letter Opener","Defragment"],"campfire_rested":0,"item_purchase_floors":[19,19],"current_hp_per_floor":[59,59,52,51,51,51,51,47,47,33,23,20,20,8,8,8,55,55,55,55,44,44,0],"gold":115,"neow_bonus":"BOSS_RELIC","is_prod":false,"is_daily":false,"chose_seed":false,"campfire_upgraded":2,"win_rate":0,"timestamp":1660605463,"path_taken":["M","M","?","M","?","R","M","E","T","?","E","M","?","M","R","BOSS","M","$","?","M","?","E"],"build_version":"2022-03-07","purchased_purges":0,"victory":false,"max_hp_per_floor":[71,71,71,71,71,71,71,71,71,71,71,71,71,71,71,71,71,71,71,71,71,71,71],"relic_stats":{"counters":[14,50],"Snecko Eye":[18,25,28,27,-73],"Pen Nib":[4],"Letter Opener":[31],"War Paint":["Conserve Battery","Dualcast"],"obtain_stats":[{"Snecko Eye":17,"Pen Nib":9,"Coffee Dripper":0,"Red Mask":20,"Letter Opener":19,"War Paint":11,"Cracked Core":0,"White Beast Statue":8},{"Snecko Eye":10,"Pen Nib":5,"Coffee Dripper":0,"Red Mask":12,"Letter Opener":11,"War Paint":7,"Cracked Core":0,"White Beast Statue":5},{"Snecko Eye":35,"Pen Nib":13,"Coffee Dripper":0,"Red Mask":40,"Letter Opener":38,"War Paint":23,"Cracked Core":0,"White Beast Statue":13}],"White Beast Statue":[0.0,0.024000000000000007,0.0,0.32800000000000007,0.0,0.5280000000000001,0.0,0.12000000000000002,0.0,0.0,0.0,3.08368]},"card_choices":[{"not_picked":["Redo","Barrage"],"picked":"Conserve Battery","floor":1.0},{"not_picked":["Steam","Leap"],"picked":"Tempest","floor":2.0},{"not_picked":["Hello World","Reprogram"],"picked":"Turbo","floor":4.0},{"not_picked":["Streamline","Stack"],"picked":"Defragment","floor":7.0},{"not_picked":["Loop","Sweeping Beam"],"picked":"Rainbow","floor":8.0},{"not_picked":["Steam","Ball Lightning"],"picked":"Cold Snap","floor":10.0},{"not_picked":["Sunder","Steam"],"picked":"Stack","floor":11.0},{"not_picked":["Chill","Rebound"],"picked":"Go for the Eyes","floor":12.0},{"not_picked":["Turbo","Streamline"],"picked":"All For One","floor":14.0},{"not_picked":["All For One","Thunder Strike"],"picked":"Biased Cognition","floor":16.0},{"not_picked":["Heatsinks","Beam Cell"],"picked":"Lockon+1","floor":18.0},{"not_picked":["Stack","Storm","Auto Shields"],"picked":"SKIP","floor":21.0}],"player_experience":1033979,"relics_obtained":[{"floor":8.0,"key":"White Beast Statue"},{"floor":9.0,"key":"Pen Nib"},{"floor":11.0,"key":"War Paint"},{"floor":20.0,"key":"Red Mask"}],"event_choices":[{"cards_removed":["Defend_B"],"damage_healed":0.0,"max_hp_gain":0.0,"max_hp_loss":0.0,"gold_gain":0.0,"event_name":"Golden Wing","player_choice":"Card Removal","floor":3.0,"gold_loss":0.0,"damage_taken":7.0},{"cards_removed":["Strike_B"],"damage_healed":0.0,"max_hp_gain":0.0,"max_hp_loss":0.0,"gold_gain":0.0,"event_name":"Purifier","player_choice":"Purged","floor":5.0,"gold_loss":0.0,"damage_taken":0.0},{"damage_healed":0.0,"max_hp_gain":0.0,"max_hp_loss":0.0,"gold_gain":0.0,"event_name":"Shining Light","player_choice":"Ignored","floor":13.0,"gold_loss":0.0,"damage_taken":0.0},{"damage_healed":0.0,"max_hp_gain":0.0,"max_hp_loss":0.0,"gold_gain":0.0,"event_name":"Masked Bandits","player_choice":"Fought Bandits","floor":20.0,"gold_loss":0.0,"damage_taken":0.0},{"damage_healed":0.0,"max_hp_gain":0.0,"max_hp_loss":0.0,"gold_gain":0.0,"event_name":"Cursed Tome","player_choice":"Ignored","floor":22.0,"gold_loss":0.0,"damage_taken":0.0}],"is_beta":false,"boss_relics":[{"not_picked":["Pandora\u0027s Box","Cursed Key"],"picked":"Snecko Eye"}],"items_purged_floors":[],"is_endless":false,"potions_floor_spawned":[2,7,8,10,11,12,14,16,18,20,21],"killed_by":"Gremlin Leader","ascension_level":20}