{"gold_per_floor":[118,43,53,53,25,60,60,60,60,60,93,93,107,132,132,206,206,220,220,5,15,15,40,40,70,70,70,87,87,115,134,134,207,207,224,50,66,66,83,114,144,144,144,144,144,179,196,214,214,214,214,214,214,113,138,138],"floor_reached":56,"playtime":3653,"items_purged":["Strike_B"],"score":2343,"play_id":"9ad78229-66e7-491f-bbf8-e4eed8f0a39e","local_time":"20220824184122","is_ascension_mode":true,"campfire_choices":[{"data":"Genetic Algorithm","floor":8.0,"key":"SMITH"},{"data":"Coolheaded","floor":10.0,"key":"SMITH"},{"data":"Dualcast","floor":12.0,"key":"SMITH"},{"data":"Zap","floor":15.0,"key":"SMITH"},{"floor":24.0,"key":"REST"},{"floor":29.0,"key":"REST"},{"data":"Hologram","floor":32.0,"key":"SMITH"},{"data":"Buffer","floor":42.0,"key":"SMITH"},{"floor":45.0,"key":"RECALL"},{"data":"Coolheaded","floor":49.0,"key":"SMITH"},{"data":"Echo Form","floor":53.0,"key":"SMITH"}],"neow_cost":"NONE","seed_source_timestamp":155601072648757,"circlet_count":0,"master_deck":["AscendersBane","Defend_B","Defend_B","Zap+1","Dualcast+1","Gash+1","All For One+1","Loop+1","Genetic Algorithm+1","Beam Cell","Gash","Coolheaded+1","Go for the Eyes+1","Ball Lightning+1","Electrodynamics","Beam Cell+1","Gash+1","Hologram+1","Gash+1","Coolheaded+1","Core Surge+1","Coolheaded+1","Buffer+1","Reinforced Body+1","Echo Form+1","Steam Power+1","Glacier","Stack"],"special_seed":0,"relics":["Astrolabe","Bottled Lightning","Molten Egg 2","Boot","Darkstone Periapt","Sozu","MutagenicStrength","Runic Capacitor","Bronze Scales","WingedGreaves","HornCleat","Pantograph","Coffee Dripper","Cables","Mummified Hand","Question Card","Pen Nib"],"potions_floor_usage":[55,55],"damage_taken":[{"damage":2.0,"enemies":"Jaw Worm","floor":1.0,"turns":3.0},{"damage":5.0,"enemies":"2 Louse","floor":3.0,"turns":2.0},{"damage":8.0,"enemies":"Gremlin Nob","floor":6.0,"turns":3.0},{"damage":1.0,"enemies":"Lagavulin","floor":11.0,"turns":7.0},{"damage":0.0,"enemies":"Small Slimes","floor":13.0,"turns":2.0},{"damage":0.0,"enemies":"Gremlin Nob","floor":14.0,"turns":3.0},{"damage":29.0,"enemies":"The Guardian","floor":16.0,"turns":7.0},{"damage":18.0,"enemies":"3 Byrds","floor":18.0,"turns":4.0},{"damage":0.0,"enemies":"Spheric Guardian","floor":21.0,"turns":3.0},{"damage":36.0,"enemies":"Slavers","floor":23.0,"turns":3.0},{"damage":9.0,"enemies":"Book of Stabbing","floor":25.0,"turns":3.0},{"damage":0.0,"enemies":"Snake Plant","floor":28.0,"turns":2.0},{"damage":0.0,"enemies":"Gremlin Leader","floor":30.0,"turns":3.0},{"damage":0.0,"enemies":"Snecko","floor":31.0,"turns":3.0},{"damage":0.0,"enemies":"Collector","floor":33.0,"turns":5.0},{"damage":2.0,"enemies":"3 Shapes","floor":35.0,"turns":3.0},{"damage":0.0,"enemies":"Orb Walker","floor":37.0,"turns":3.0},{"damage":12.0,"enemies":"Spire Growth","floor":39.0,"turns":4.0},{"damage":0.0,"enemies":"Reptomancer","floor":40.0,"turns":4.0},{"damage":3.0,"enemies":"Giant Head","floor":41.0,"turns":5.0},{"damage":0.0,"enemies":"Reptomancer","floor":46.0,"turns":5.0},{"damage":5.0,"enemies":"4 Shapes","floor":47.0,"turns":4.0},{"damage":0.0,"enemies":"Writhing Mass","floor":48.0,"turns":6.0},{"damage":14.0,"enemies":"Donu and Deca","floor":50.0,"turns":7.0},{"damage":67.0,"enemies":"Time Eater","floor":51.0,"turns":12.0},{"damage":32,"enemies":"Shield and Spear","floor":55,"turns":6},{"damage":53,"enemies":"The Heart","floor":56,"turns":2}],"seed_played":"-8290255035284596093","potions_obtained":[{"floor":1.0,"key":"Weak Potion"},{"floor":6.0,"key":"Fruit Juice"},{"floor":11.0,"key":"Block Potion"}],"is_trial":false,"path_per_floor":["M","?","M","?","$","E","?","R","T","R","E","R","M","E","R","B",null,"M","?","$","M","?","E","R","E","T","?","M","R","E","M","R","B",null,"M","$","M","?","M","E","E","R","T","?","R","E","M","M","R","B","B",null,"R","$","E","B"],"character_chosen":"DEFECT","items_purchased":["Gash","Runic Capacitor","Gash+1","Echo Form","Stack"],"campfire_rested":2,"item_purchase_floors":[5,20,20,36,54],"current_hp_per_floor":[62,62,57,57,57,49,54,54,54,54,53,53,53,53,53,24,63,45,45,45,45,45,9,31,22,22,22,22,44,44,44,44,69,74,72,72,72,72,60,60,57,57,57,57,57,57,52,52,52,62,9,59,59,59,27,0],"gold":138,"neow_bonus":"BOSS_RELIC","is_prod":false,"is_daily":false,"chose_seed":false,"campfire_upgraded":8,"win_rate":0,"timestamp":1661391682,"path_taken":["M","?","M","?","$","E","?","R","T","R","E","R","M","E","R","BOSS","M","?","$","M","?","E","R","E","T","?","M","R","E","?","R","BOSS","M","$","M","?","?","E","E","R","T","?","R","E","M","?","R","BOSS","BOSS","R","$","E","BOSS"],"build_version":"2022-03-07","purchased_purges":1,"victory":false,"max_hp_per_floor":[71,71,71,71,71,71,76,76,76,76,76,76,76,76,76,76,76,76,76,76,76,76,76,76,76,76,76,76,76,76,76,76,76,76,76,76,76,76,76,76,76,76,76,76,76,76,76,76,76,76,76,76,76,76,76,76],"relic_stats":{"Darkstone Periapt":0,"counters":[27,114],"Astrolabe":["Gash","All For One","Loop"],"Pen Nib":[0],"Boot":[123],"Question Card":3,"Cables":[42,12,30,0,0],"Sozu":7,"Mummified Hand":[25],"Bronze Scales":[211],"Pantograph":88,"WingedGreaves":3,"Bottled Lightning":"Coolheaded","obtain_stats":[{"Darkstone Periapt":14,"Astrolabe":0,"Pen Nib":55,"Runic Capacitor":20,"Boot":11,"Question Card":46,"Cables":40,"Sozu":17,"HornCleat":26,"Mummified Hand":41,"MutagenicStrength":19,"Bronze Scales":23,"Pantograph":30,"Molten Egg 2":9,"WingedGreaves":25,"Coffee Dripper":34,"Bottled Lightning":6,"Cracked Core":0},{"Darkstone Periapt":6,"Astrolabe":0,"Pen Nib":26,"Runic Capacitor":8,"Boot":4,"Question Card":21,"Cables":19,"Sozu":7,"HornCleat":11,"Mummified Hand":20,"MutagenicStrength":8,"Bronze Scales":10,"Pantograph":13,"Molten Egg 2":3,"WingedGreaves":11,"Coffee Dripper":15,"Bottled Lightning":3,"Cracked Core":0},{"Darkstone Periapt":20,"Astrolabe":0,"Pen Nib":112,"Runic Capacitor":31,"Boot":15,"Question Card":77,"Cables":67,"Sozu":27,"HornCleat":40,"Mummified Hand":72,"MutagenicStrength":31,"Bronze Scales":37,"Pantograph":45,"Molten Egg 2":8,"WingedGreaves":40,"Coffee Dripper":53,"Bottled Lightning":8,"Cracked Core":0}]},"card_choices":[{"not_picked":["Leap","Compile Driver"],"picked":"Genetic Algorithm","floor":1.0},{"not_picked":["Streamline","Stack"],"picked":"Beam Cell","floor":3.0},{"not_picked":["Streamline","Sweeping Beam"],"picked":"Coolheaded","floor":6.0},{"not_picked":["Streamline+1","Sunder+1"],"picked":"Go for the Eyes+1","floor":11.0},{"not_picked":["Steam","Amplify"],"picked":"Ball Lightning+1","floor":13.0},{"not_picked":["Rip and Tear+1","Conserve Battery","Sunder+1"],"picked":"SKIP","floor":14.0},{"not_picked":["Hyperbeam+1","Reboot"],"picked":"Electrodynamics","floor":16.0},{"not_picked":["Sweeping Beam+1","Redo"],"picked":"Beam Cell+1","floor":18.0},{"not_picked":["Reprogram","Go for the Eyes+1"],"picked":"Hologram","floor":21.0},{"not_picked":["Blizzard+1","Sunder+1"],"picked":"Coolheaded","floor":23.0},{"not_picked":["Hello World","Beam Cell+1","Hologram"],"picked":"SKIP","floor":25.0},{"not_picked":["Lockon+1","Barrage+1","Steam"],"picked":"SKIP","floor":28.0},{"not_picked":["Reprogram+1","Fusion"],"picked":"Core Surge+1","floor":30.0},{"not_picked":["Cold Snap+1","Compile Driver+1"],"picked":"Coolheaded+1","floor":31.0},{"not_picked":["Fission","Machine Learning"],"picked":"Buffer","floor":33.0},{"not_picked":["Leap+1","Rebound+1"],"picked":"Reinforced Body","floor":35.0},{"not_picked":["Loop","Sweeping Beam+1","Barrage+1"],"picked":"SKIP","floor":37.0},{"not_picked":["Darkness","Leap","Beam Cell+1"],"picked":"SKIP","floor":39.0},{"not_picked":["Auto Shields","White Noise","Leap"],"picked":"SKIP","floor":40.0},{"not_picked":["Go for the Eyes+1","Streamline+1","Heatsinks"],"picked":"SKIP","floor":41.0},{"not_picked":["Go for the Eyes+1","Streamline+1","Heatsinks"],"picked":"SKIP","floor":41.0},{"not_picked":["Go for the Eyes+1","Streamline+1","Heatsinks"],"picked":"SKIP","floor":41.0},{"not_picked":["Cold Snap+1","Force Field","Turbo"],"picked":"SKIP","floor":46.0},{"not_picked":["White Noise","Scrape+1","Reinforced Body"],"picked":"Steam Power+1","floor":47.0},{"not_picked":["Gash+1","Go for the Eyes+1","Cold Snap+1"],"picked":"Glacier","floor":48.0},{"not_picked":["Leap+1","Compile Driver+1","Sweeping Beam+1","Doom and Gloom+1"],"picked":"SKIP","floor":55}],"player_experience":1106782,"relics_obtained":[{"floor":6.0,"key":"Bottled Lightning"},{"floor":9.0,"key":"Molten Egg 2"},{"floor":11.0,"key":"Boot"},{"floor":14.0,"key":"Darkstone Periapt"},{"floor":23.0,"key":"Bronze Scales"},{"floor":25.0,"key":"WingedGreaves"},{"floor":26.0,"key":"HornCleat"},{"floor":30.0,"key":"Pantograph"},{"floor":40.0,"key":"Cables"},{"floor":41.0,"key":"Mummified Hand"},{"floor":46.0,"key":"Question Card"},{"floor":55,"key":"Pen Nib"}],"event_choices":[{"cards_removed":["Defend_B"],"damage_healed":0.0,"max_hp_gain":0.0,"max_hp_loss":0.0,"gold_gain":0.0,"event_name":"The Cleric","player_choice":"Card Removal","floor":2.0,"gold_loss":75.0,"damage_taken":0.0},{"damage_healed":0.0,"max_hp_gain":0.0,"max_hp_loss":0.0,"gold_gain":0.0,"event_name":"Shining Light","player_choice":"Ignored","floor":4.0,"gold_loss":0.0,"damage_taken":0.0},{"damage_healed":0.0,"max_hp_gain":0.0,"max_hp_loss":0.0,"gold_gain":0.0,"event_name":"Liars Game","player_choice":"Ignored","floor":7.0,"gold_loss":0.0,"damage_taken":0.0},{"damage_healed":0.0,"max_hp_gain":0.0,"max_hp_loss":0.0,"gold_gain":0.0,"event_name":"Drug Dealer","player_choice":"Inject Mutagens","floor":19.0,"gold_loss":0.0,"damage_taken":0.0,"relics_obtained":["MutagenicStrength"]},{"damage_healed":0.0,"max_hp_gain":0.0,"max_hp_loss":0.0,"gold_gain":0.0,"event_name":"The Library","player_choice":"Read","floor":22.0,"gold_loss":0.0,"damage_taken":0.0,"cards_obtained":["Gash"]},{"cards_removed":["Strike_B"],"damage_healed":0.0,"max_hp_gain":0.0,"max_hp_loss":0.0,"gold_gain":0.0,"event_name":"Back to Basics","player_choice":"Elegance","floor":27.0,"gold_loss":0.0,"damage_taken":0.0},{"damage_healed":0.0,"max_hp_gain":0.0,"max_hp_loss":0.0,"gold_gain":0.0,"event_name":"SecretPortal","player_choice":"Ignored","floor":38.0,"gold_loss":0.0,"damage_taken":0.0},{"damage_healed":0.0,"max_hp_gain":0.0,"max_hp_loss":0.0,"gold_gain":0.0,"event_name":"Accursed Blacksmith","player_choice":"Forge","floor":44.0,"gold_loss":0.0,"damage_taken":0.0,"cards_upgraded":["Reinforced Body"]}],"is_beta":false,"boss_relics":[{"not_picked":["Velvet Choker","Ectoplasm"],"picked":"Sozu"},{"not_picked":["Runic Dome","Snecko Eye"],"picked":"Coffee Dripper"}],"items_purged_floors":[54],"is_endless":false,"potions_floor_spawned":[1,6,11,21,23,31,40,41,46,55],"killed_by":"The Heart","ascension_level":20}