{"gold_per_floor":[110,110,110,125,137,137,162,178,178,178],"floor_reached":10,"playtime":410,"items_purged":[],"score":136,"play_id":"c80fb3fc-f189-4a3c-a4fa-b778503701e3","local_time":"20220820234316","is_ascension_mode":true,"campfire_choices":[{"data":"Defragment","floor":6.0,"key":"SMITH"}],"neow_cost":"NONE","seed_source_timestamp":851677825705342,"circlet_count":0,"master_deck":["AscendersBane","Strike_B","Strike_B","Strike_B","Strike_B","Defend_B","Defend_B","Defend_B","Defend_B","Zap","Dualcast","Sweeping Beam","Turbo","Defragment+1","Defragment","Steam"],"special_seed":0,"relics":["Runic Pyramid","Ornamental Fan","Pantograph","Pen Nib"],"potions_floor_usage":[],"damage_taken":[{"damage":1.0,"enemies":"Small Slimes","floor":1.0,"turns":4.0},{"damage":4.0,"enemies":"Jaw Worm","floor":4.0,"turns":5.0},{"damage":1.0,"enemies":"Cultist","floor":5.0,"turns":3.0},{"damage":31.0,"enemies":"3 Sentries","floor":7.0,"turns":8.0},{"damage":4.0,"enemies":"Gremlin Gang","floor":8.0,"turns":3.0},{"damage":8,"enemies":"Gremlin Nob","floor":10,"turns":3}],"seed_played":"-6998484271943487093","potions_obtained":[{"floor":1.0,"key":"Swift Potion"},{"floor":4.0,"key":"LiquidMemories"}],"is_trial":false,"path_per_floor":["M","?","T","M","M","R","E","M","T","E"],"character_chosen":"DEFECT","items_purchased":[],"campfire_rested":0,"item_purchase_floors":[],"current_hp_per_floor":[63,68,68,64,63,63,32,28,28,20],"gold":178,"neow_bonus":"BOSS_RELIC","is_prod":false,"is_daily":false,"chose_seed":false,"campfire_upgraded":1,"win_rate":0,"timestamp":1661064196,"path_taken":["M","?","?","M","M","R","E","M","T","E"],"build_version":"2022-03-07","purchased_purges":0,"victory":false,"max_hp_per_floor":[71,76,76,76,76,76,76,76,76,76],"relic_stats":{"counters":[6,26],"Ornamental Fan":[8],"Pantograph":0,"Pen Nib":[0],"obtain_stats":[{"Ornamental Fan":3,"Pantograph":7,"Pen Nib":9,"Cracked Core":0,"Runic Pyramid":0},{"Ornamental Fan":1,"Pantograph":4,"Pen Nib":5,"Cracked Core":0,"Runic Pyramid":0},{"Ornamental Fan":4,"Pantograph":20,"Pen Nib":23,"Cracked Core":0,"Runic Pyramid":0}]},"card_choices":[{"not_picked":["Go for the Eyes","Stack"],"picked":"Sweeping Beam","floor":1.0},{"not_picked":["Stack","Recycle"],"picked":"Turbo","floor":4.0},{"not_picked":["Rebound","Compile Driver"],"picked":"Defragment","floor":5.0},{"not_picked":["Thunder Strike","Rip and Tear"],"picked":"Defragment","floor":7.0},{"not_picked":["Rip and Tear","Undo"],"picked":"Steam","floor":8.0}],"player_experience":1060081,"relics_obtained":[{"floor":3.0,"key":"Ornamental Fan"},{"floor":7.0,"key":"Pantograph"},{"floor":9.0,"key":"Pen Nib"}],"event_choices":[{"damage_healed":0.0,"max_hp_gain":5.0,"max_hp_loss":0.0,"gold_gain":0.0,"event_name":"Big Fish","player_choice":"Donut","floor":2.0,"gold_loss":0.0,"damage_taken":0.0}],"is_beta":false,"boss_relics":[],"items_purged_floors":[],"is_endless":false,"potions_floor_spawned":[1,4],"killed_by":"Gremlin Nob","ascension_level":20}