{"gold_per_floor":[119,145,155,173,98,133,133,160,208,23,23,23,51,51,51,129,129,149,169,219,57,70,70,103,121,144,144,156,156,171,187,187,265,265,279,304,319,85,102,137,155,189,271,296,296,308,342,356,356,356],"floor_reached":50,"playtime":3581,"items_purged":["Injury","Defend_B","Strike_B"],"score":1354,"play_id":"abb5f341-554d-444f-a8f6-4110ed64d003","local_time":"20220831174748","is_ascension_mode":true,"campfire_choices":[{"data":"Coolheaded","floor":7.0,"key":"SMITH"},{"data":"Static Discharge","floor":15.0,"key":"SMITH"},{"data":"Fission","floor":23.0,"key":"SMITH"},{"data":"Lockon","floor":27.0,"key":"SMITH"},{"data":"Zap","floor":32.0,"key":"SMITH"},{"floor":49,"key":"RECALL"}],"neow_cost":"CURSE","seed_source_timestamp":79856892936460,"circlet_count":0,"master_deck":["AscendersBane","Strike_B","Strike_B","Defend_B","Defend_B","Defend_B+1","Zap+1","Dualcast+1","Coolheaded+1","Glacier","Cold Snap","Static Discharge+1","Lockon+1","Fission+1","Turbo+1","Defragment+1","Tempest","BootSequence","Doom and Gloom","Defragment+1","Self Repair","Skim","Electrodynamics","Thunder Strike","Tempest","Tempest","Aggregate","Darkness+1","Core Surge","Multi-Cast"],"special_seed":0,"relics":["Cracked Core","FossilizedHelix","Bag of Marbles","Kunai","Sundial","Bronze Scales","Bird Faced Urn","Inserter","Chemical X","The Courier","SlaversCollar","Turnip","ClockworkSouvenir","War Paint","Ginger","Darkstone Periapt","Dream Catcher","Juzu Bracelet"],"potions_floor_usage":[46],"damage_taken":[{"damage":1.0,"enemies":"Cultist","floor":1.0,"turns":4.0},{"damage":0.0,"enemies":"Jaw Worm","floor":3.0,"turns":3.0},{"damage":0.0,"enemies":"2 Louse","floor":4.0,"turns":5.0},{"damage":15.0,"enemies":"Gremlin Nob","floor":6.0,"turns":6.0},{"damage":21.0,"enemies":"3 Sentries","floor":8.0,"turns":13.0},{"damage":3.0,"enemies":"Gremlin Nob","floor":13.0,"turns":6.0},{"damage":11.0,"enemies":"Hexaghost","floor":16.0,"turns":9.0},{"damage":1.0,"enemies":"Spheric Guardian","floor":18.0,"turns":6.0},{"damage":0.0,"enemies":"3 Byrds","floor":19.0,"turns":3.0},{"damage":20.0,"enemies":"Snake Plant","floor":22.0,"turns":4.0},{"damage":15.0,"enemies":"Slavers","floor":24.0,"turns":5.0},{"damage":0.0,"enemies":"3 Cultists","floor":25.0,"turns":6.0},{"damage":6.0,"enemies":"Shelled Parasite and Fungi","floor":28.0,"turns":3.0},{"damage":11.0,"enemies":"Centurion and Healer","floor":30.0,"turns":14.0},{"damage":0.0,"enemies":"Cultist and Chosen","floor":31.0,"turns":4.0},{"damage":3.0,"enemies":"Champ","floor":33.0,"turns":13.0},{"damage":0.0,"enemies":"3 Shapes","floor":35.0,"turns":6.0},{"damage":0.0,"enemies":"Mind Bloom Boss Battle","floor":36.0,"turns":4.0},{"damage":0.0,"enemies":"Orb Walker","floor":37.0,"turns":2.0},{"damage":0.0,"enemies":"4 Shapes","floor":39.0,"turns":2.0},{"damage":0.0,"enemies":"Reptomancer","floor":40.0,"turns":3.0},{"damage":0.0,"enemies":"Writhing Mass","floor":41.0,"turns":3.0},{"damage":0.0,"enemies":"Nemesis","floor":42.0,"turns":5.0},{"damage":16.0,"enemies":"Reptomancer","floor":44.0,"turns":3.0},{"damage":22,"enemies":"Jaw Worm Horde","floor":46,"turns":5},{"damage":48,"enemies":"Giant Head","floor":47,"turns":6},{"damage":24,"enemies":"4 Shapes","floor":48,"turns":2},{"damage":17,"enemies":"Awakened One","floor":50,"turns":3}],"seed_played":"1586774031205745435","potions_obtained":[{"floor":1.0,"key":"FocusPotion"},{"floor":6.0,"key":"Energy Potion"},{"floor":8.0,"key":"CultistPotion"},{"floor":16.0,"key":"Energy Potion"},{"floor":19.0,"key":"EssenceOfDarkness"},{"floor":25.0,"key":"BlessingOfTheForge"},{"floor":28.0,"key":"Explosive Potion"},{"floor":31.0,"key":"FearPotion"},{"floor":35.0,"key":"Energy Potion"},{"floor":39.0,"key":"DistilledChaos"},{"floor":41.0,"key":"DistilledChaos"},{"floor":45.0,"key":"PowerPotion"}],"is_trial":false,"path_per_floor":["M","T","M","M","$","E","R","E","T","$","?","$","E","?","R","B",null,"M","M","?","$","M","R","E","M","T","R","M","?","M","M","R","B",null,"M","?","M","$","M","E","M","E","T","E","?","M","E","M","R","B"],"character_chosen":"DEFECT","items_purchased":["Lockon","Chemical X","ClockworkSouvenir"],"campfire_rested":0,"item_purchase_floors":[10,21,38],"current_hp_per_floor":[63,63,63,63,63,48,48,27,27,27,27,27,24,24,24,15,57,58,60,53,53,35,35,22,26,26,26,24,24,19,34,34,46,65,71,71,71,71,71,71,71,71,71,66,66,70,35,15,15,0],"gold":356,"neow_bonus":"ONE_RARE_RELIC","is_prod":false,"is_daily":false,"chose_seed":false,"campfire_upgraded":5,"win_rate":0,"timestamp":1661993268,"path_taken":["M","?","M","M","$","E","R","E","T","$","?","?","E","?","R","BOSS","M","?","?","$","?","R","E","M","T","R","M","?","M","?","R","BOSS","M","?","M","$","M","E","M","E","T","E","?","M","E","M","R","BOSS"],"build_version":"2022-03-07","purchased_purges":3,"victory":false,"max_hp_per_floor":[71,71,71,71,71,71,71,71,71,71,71,71,71,71,71,71,71,71,71,71,71,71,71,71,71,71,71,71,71,71,71,71,71,71,71,71,71,71,71,71,71,71,71,71,71,71,71,71,71,71],"relic_stats":{"Darkstone Periapt":0,"Inserter":[51],"counters":[28,148],"The Courier":59,"Juzu Bracelet":0,"Ginger":[2],"War Paint":["Dualcast","Defend_B"],"Dream Catcher":0,"Sundial":[18],"Bronze Scales":[330],"Bird Faced Urn":[74],"Turnip":[0],"Kunai":[9],"Chemical X":[30],"obtain_stats":[{"Darkstone Periapt":43,"Inserter":17,"The Courier":24,"Juzu Bracelet":47,"Ginger":42,"War Paint":40,"ClockworkSouvenir":38,"SlaversCollar":34,"Dream Catcher":44,"Sundial":8,"Bronze Scales":9,"Bird Faced Urn":13,"Turnip":36,"Bag of Marbles":2,"Kunai":6,"Chemical X":21,"Cracked Core":0,"FossilizedHelix":0},{"Darkstone Periapt":23,"Inserter":7,"The Courier":11,"Juzu Bracelet":26,"Ginger":23,"War Paint":21,"ClockworkSouvenir":19,"SlaversCollar":16,"Dream Catcher":24,"Sundial":5,"Bronze Scales":5,"Bird Faced Urn":6,"Turnip":18,"Bag of Marbles":1,"Kunai":4,"Chemical X":9,"Cracked Core":0,"FossilizedHelix":0},{"Darkstone Periapt":129,"Inserter":46,"The Courier":64,"Juzu Bracelet":143,"Ginger":129,"War Paint":121,"ClockworkSouvenir":116,"SlaversCollar":104,"Dream Catcher":132,"Sundial":31,"Bronze Scales":31,"Bird Faced Urn":37,"Turnip":114,"Bag of Marbles":4,"Kunai":18,"Chemical X":55,"Cracked Core":0,"FossilizedHelix":0}],"FossilizedHelix":[221]},"card_choices":[{"not_picked":["Steam Power","Leap"],"picked":"Coolheaded","floor":1.0},{"not_picked":["Ball Lightning","Auto Shields"],"picked":"Glacier","floor":3.0},{"not_picked":["Auto Shields","Consume","Stack"],"picked":"SKIP","floor":4.0},{"not_picked":["Stack","Barrage"],"picked":"Cold Snap","floor":6.0},{"not_picked":["Auto Shields","Chaos"],"picked":"Static Discharge","floor":8.0},{"not_picked":["Gash","Redo","Rip and Tear"],"picked":"SKIP","floor":13.0},{"not_picked":["Hyperbeam","Rainbow"],"picked":"Fission","floor":16.0},{"not_picked":["Undo","Ball Lightning+1"],"picked":"Turbo+1","floor":18.0},{"not_picked":["Go for the Eyes","Hyperbeam"],"picked":"Defragment+1","floor":19.0},{"not_picked":["FTL","Sweeping Beam"],"picked":"Tempest","floor":22.0},{"not_picked":["Compile Driver","Glacier","Redo"],"picked":"SKIP","floor":24.0},{"not_picked":["Undo","Ball Lightning"],"picked":"BootSequence","floor":25.0},{"not_picked":["Chill","Double Energy"],"picked":"Doom and Gloom","floor":28.0},{"not_picked":["Scrape","Barrage"],"picked":"Self Repair","floor":30.0},{"not_picked":["Conserve Battery","Steam"],"picked":"Skim","floor":31.0},{"not_picked":["Buffer","Reboot"],"picked":"Electrodynamics","floor":33.0},{"not_picked":["Compile Driver","Streamline","Beam Cell"],"picked":"SKIP","floor":35.0},{"not_picked":["Turbo","Stack"],"picked":"Thunder Strike","floor":37.0},{"not_picked":["Scrape","Leap"],"picked":"Tempest","floor":39.0},{"not_picked":["Streamline","Compile Driver"],"picked":"Tempest","floor":40.0},{"not_picked":["Steam+1","Rebound"],"picked":"Aggregate","floor":41.0},{"not_picked":["Ball Lightning","Beam Cell"],"picked":"Darkness+1","floor":42.0},{"not_picked":["Compile Driver","Go for the Eyes"],"picked":"Core Surge","floor":44.0},{"not_picked":["Rebound","Compile Driver+1"],"picked":"Multi-Cast","floor":46},{"not_picked":["Auto Shields+1","Beam Cell","Fusion"],"picked":"SKIP","floor":47},{"not_picked":["Streamline","Rebound+1","Fusion"],"picked":"SKIP","floor":48}],"player_experience":1139284,"relics_obtained":[{"floor":2.0,"key":"Bag of Marbles"},{"floor":6.0,"key":"Kunai"},{"floor":8.0,"key":"Sundial"},{"floor":9.0,"key":"Bronze Scales"},{"floor":13.0,"key":"Bird Faced Urn"},{"floor":24.0,"key":"The Courier"},{"floor":36.0,"key":"Turnip"},{"floor":40.0,"key":"War Paint"},{"floor":42.0,"key":"Ginger"},{"floor":43.0,"key":"Darkstone Periapt"},{"floor":44.0,"key":"Dream Catcher"},{"floor":47,"key":"Juzu Bracelet"}],"event_choices":[{"damage_healed":0.0,"max_hp_gain":0.0,"max_hp_loss":0.0,"gold_gain":0.0,"event_name":"Shining Light","player_choice":"Ignored","floor":11.0,"gold_loss":0.0,"damage_taken":0.0},{"cards_removed":["Strike_B"],"damage_healed":0.0,"max_hp_gain":0.0,"max_hp_loss":0.0,"gold_gain":0.0,"event_name":"Purifier","player_choice":"Purged","floor":14.0,"gold_loss":0.0,"damage_taken":0.0},{"damage_healed":0.0,"max_hp_gain":0.0,"max_hp_loss":0.0,"gold_gain":50.0,"event_name":"FaceTrader","player_choice":"Touch","floor":20.0,"gold_loss":0.0,"damage_taken":7.0},{"damage_healed":0.0,"max_hp_gain":0.0,"max_hp_loss":0.0,"gold_gain":0.0,"event_name":"Duplicator","player_choice":"Copied","floor":29.0,"gold_loss":0.0,"damage_taken":0.0,"cards_obtained":["Defragment"]},{"damage_healed":0.0,"max_hp_gain":0.0,"max_hp_loss":0.0,"gold_gain":0.0,"event_name":"MindBloom","player_choice":"Fight","floor":36.0,"gold_loss":0.0,"damage_taken":0.0},{"damage_healed":0.0,"max_hp_gain":0.0,"max_hp_loss":0.0,"gold_gain":0.0,"event_name":"Lab","player_choice":"Got Potions","floor":45.0,"gold_loss":0.0,"damage_taken":0.0}],"is_beta":false,"boss_relics":[{"not_picked":["Cursed Key","SacredBark"],"picked":"Inserter"},{"not_picked":["Empty Cage","Velvet Choker"],"picked":"SlaversCollar"}],"items_purged_floors":[5,10,38],"is_endless":false,"potions_floor_spawned":[1,6,8,16,19,25,28,30,31,35,39,41,42],"killed_by":"Awakened One","ascension_level":20}