{"gold_per_floor":[118,118,83,83,159,192,192,203,230,230,246,281,303,342,354,437,449,478,56,71,89,89,118,118,118,166,166,178,178,204,214,214,288,288,304,316,1315,1360,444,474,374,387,387,417,417,432,465,27,27,27,27,27,27,27,60,60],"floor_reached":56,"playtime":8588,"items_purged":["Normality","Normality"],"score":2182,"play_id":"9afa5124-60db-484b-8749-31ff53a0c033","local_time":"20220823001420","is_ascension_mode":true,"campfire_choices":[{"floor":7.0,"key":"REST"},{"data":"Static Discharge","floor":10.0,"key":"SMITH"},{"data":"Beam Cell","floor":15.0,"key":"SMITH"},{"floor":25.0,"key":"REST"},{"data":"Ghostly","floor":27.0,"key":"SMITH"},{"data":"Ghostly","floor":32.0,"key":"SMITH"},{"floor":45.0,"key":"REST"},{"floor":49.0,"key":"RECALL"},{"data":"Apotheosis","floor":53.0,"key":"SMITH"}],"neow_cost":"NONE","seed_source_timestamp":0,"circlet_count":0,"master_deck":["AscendersBane","Strike_B+1","Strike_B+1","Strike_B","Defend_B+1","Defend_B+1","Defend_B+1","Zap","Dualcast","Static Discharge+1","Sweeping Beam","Beam Cell+1","Core Surge","Compile Driver","All For One","Go for the Eyes","Seek+1","Stack","Beam Cell","Cold Snap","Ghostly+1","Ghostly+1","Ghostly","Go for the Eyes+1","Chill","Defragment","Echo Form","Hologram+1","Coolheaded","Apotheosis+1","Turbo","Stack","White Noise","Self Repair","Barrage+1"],"special_seed":0,"relics":["Cracked Core","Strawberry","Du-Vu Doll","InkBottle","Whetstone","Akabeko","MawBank","Gremlin Horn","Empty Cage","Symbiotic Virus","PreservedInsect","Happy Flower","War Paint","Inserter","Turnip","Pocketwatch","Centennial Puzzle","Boot","Oddly Smooth Stone","Thread and Needle","Mummified Hand","Blood Vial"],"potions_floor_usage":[56,56],"damage_taken":[{"damage":7.0,"enemies":"Small Slimes","floor":1.0,"turns":3.0},{"damage":36.0,"enemies":"Gremlin Nob","floor":6.0,"turns":4.0},{"damage":0.0,"enemies":"Jaw Worm","floor":8.0,"turns":3.0},{"damage":0.0,"enemies":"2 Louse","floor":11.0,"turns":1.0},{"damage":14.0,"enemies":"3 Sentries","floor":12.0,"turns":4.0},{"damage":0.0,"enemies":"Looter","floor":13.0,"turns":2.0},{"damage":4.0,"enemies":"Lagavulin","floor":14.0,"turns":7.0},{"damage":29.0,"enemies":"The Guardian","floor":16.0,"turns":8.0},{"damage":14.0,"enemies":"2 Thieves","floor":18.0,"turns":4.0},{"damage":26.0,"enemies":"Shell Parasite","floor":20.0,"turns":4.0},{"damage":0.0,"enemies":"Cultist and Chosen","floor":21.0,"turns":3.0},{"damage":15.0,"enemies":"Book of Stabbing","floor":23.0,"turns":3.0},{"damage":0.0,"enemies":"Snecko","floor":28.0,"turns":4.0},{"damage":0.0,"enemies":"Gremlin Leader","floor":30.0,"turns":3.0},{"damage":0.0,"enemies":"Chosen and Byrds","floor":31.0,"turns":5.0},{"damage":13.0,"enemies":"Automaton","floor":33.0,"turns":6.0},{"damage":7.0,"enemies":"3 Darklings","floor":35.0,"turns":4.0},{"damage":1.0,"enemies":"Orb Walker","floor":36.0,"turns":5.0},{"damage":17.0,"enemies":"2 Orb Walkers","floor":38.0,"turns":4.0},{"damage":0.0,"enemies":"Reptomancer","floor":40.0,"turns":6.0},{"damage":0.0,"enemies":"Transient","floor":42.0,"turns":6.0},{"damage":0.0,"enemies":"Giant Head","floor":44.0,"turns":6.0},{"damage":0.0,"enemies":"Sphere and 2 Shapes","floor":46.0,"turns":8.0},{"damage":0.0,"enemies":"Nemesis","floor":47.0,"turns":5.0},{"damage":12.0,"enemies":"Donu and Deca","floor":50.0,"turns":14.0},{"damage":6.0,"enemies":"Awakened One","floor":51.0,"turns":16.0},{"damage":28.0,"enemies":"Shield and Spear","floor":55.0,"turns":8.0},{"damage":51,"enemies":"The Heart","floor":56,"turns":5}],"seed_played":"-8097061608501009537","potions_obtained":[{"floor":1.0,"key":"Regen Potion"},{"floor":8.0,"key":"SkillPotion"},{"floor":12.0,"key":"Dexterity Potion"},{"floor":14.0,"key":"EssenceOfDarkness"},{"floor":21.0,"key":"PowerPotion"},{"floor":29.0,"key":"ColorlessPotion"},{"floor":33.0,"key":"SkillPotion"},{"floor":35.0,"key":"FearPotion"},{"floor":47.0,"key":"LiquidBronze"},{"floor":55.0,"key":"FocusPotion"}],"is_trial":false,"path_per_floor":["M","?","?","?","T","E","R","M","T","R","M","E","M","E","R","B",null,"M","$","M","M","?","E","?","R","T","R","M","?","E","M","R","B",null,"M","M","?","?","$","E","$","M","T","E","R","M","E","$","R","B","B",null,"R","$","E","B"],"character_chosen":"DEFECT","items_purchased":["Seek","Symbiotic Virus","Pocketwatch","Centennial Puzzle","Coolheaded","Apotheosis","Turbo","Block Potion","Mummified Hand","White Noise","Self Repair"],"campfire_rested":3,"item_purchase_floors":[19,19,39,39,39,39,39,39,48,48,48],"current_hp_per_floor":[64,53,72,49,49,25,48,48,48,48,48,34,34,30,30,1,59,45,45,19,19,19,4,4,15,15,15,15,15,15,15,15,2,30,23,22,22,5,5,5,5,5,5,5,16,16,16,16,16,11,15,33,33,33,19,0],"gold":60,"neow_bonus":"RANDOM_COMMON_RELIC","is_prod":false,"is_daily":false,"chose_seed":false,"campfire_upgraded":5,"win_rate":0,"timestamp":1661238860,"path_taken":["M","?","?","?","?","E","R","M","T","R","?","E","M","E","R","BOSS","M","$","M","?","?","E","?","R","T","R","M","?","E","M","R","BOSS","M","M","?","?","$","E","$","M","T","E","R","M","E","$","R","BOSS","BOSS","R","$","E","BOSS"],"build_version":"2022-03-07","purchased_purges":2,"victory":false,"max_hp_per_floor":[78,78,78,78,78,78,78,78,78,78,78,78,78,78,78,78,78,78,78,78,78,78,78,39,39,39,39,39,39,39,39,39,39,39,39,39,39,39,39,39,39,39,39,39,39,39,39,39,39,39,39,39,39,39,39,39],"relic_stats":{"Inserter":[40],"Gremlin Horn":[26,26],"Happy Flower":[35],"counters":[28,151],"PreservedInsect":367,"Whetstone":["Strike_B","Strike_B"],"War Paint":["Seek","Defend_B"],"MawBank":84,"Boot":[26],"Blood Vial":2,"Centennial Puzzle":[12],"Mummified Hand":[26],"Turnip":[7],"obtain_stats":[{"Inserter":34,"Gremlin Horn":14,"Happy Flower":26,"Oddly Smooth Stone":44,"Thread and Needle":47,"PreservedInsect":23,"Whetstone":6,"War Paint":30,"MawBank":12,"Empty Cage":17,"Boot":40,"Akabeko":9,"Du-Vu Doll":2,"Blood Vial":55,"Centennial Puzzle":39,"Mummified Hand":48,"Strawberry":0,"Turnip":38,"Cracked Core":0,"Symbiotic Virus":19,"InkBottle":5,"Pocketwatch":39},{"Inserter":16,"Gremlin Horn":7,"Happy Flower":12,"Oddly Smooth Stone":22,"Thread and Needle":24,"PreservedInsect":12,"Whetstone":2,"War Paint":14,"MawBank":5,"Empty Cage":8,"Boot":20,"Akabeko":3,"Du-Vu Doll":1,"Blood Vial":27,"Centennial Puzzle":19,"Mummified Hand":24,"Strawberry":0,"Turnip":19,"Cracked Core":0,"Symbiotic Virus":9,"InkBottle":1,"Pocketwatch":19},{"Inserter":64,"Gremlin Horn":24,"Happy Flower":46,"Oddly Smooth Stone":95,"Thread and Needle":108,"PreservedInsect":46,"Whetstone":7,"War Paint":53,"MawBank":15,"Empty Cage":32,"Boot":83,"Akabeko":10,"Du-Vu Doll":3,"Blood Vial":146,"Centennial Puzzle":77,"Mummified Hand":108,"Strawberry":0,"Turnip":77,"Cracked Core":0,"Symbiotic Virus":36,"InkBottle":3,"Pocketwatch":77}],"InkBottle":[70],"Pocketwatch":[21]},"card_choices":[{"not_picked":["Consume","Blizzard","Aggregate"],"picked":"SKIP","floor":1.0},{"not_picked":["Machine Learning","Rebound"],"picked":"Static Discharge","floor":6.0},{"not_picked":["Streamline","Go for the Eyes"],"picked":"Sweeping Beam","floor":8.0},{"not_picked":["FTL","Conserve Battery"],"picked":"Beam Cell","floor":11.0},{"not_picked":["Go for the Eyes","Auto Shields"],"picked":"Core Surge","floor":12.0},{"not_picked":["Chill","Steam Power"],"picked":"Compile Driver","floor":13.0},{"not_picked":["Gash","Consume","Steam"],"picked":"SKIP","floor":14.0},{"not_picked":["Buffer","Core Surge"],"picked":"All For One","floor":16.0},{"not_picked":["Turbo","Rip and Tear"],"picked":"Go for the Eyes","floor":18.0},{"not_picked":["Leap","Auto Shields+1"],"picked":"Stack","floor":20.0},{"not_picked":["Stack","Streamline"],"picked":"Beam Cell","floor":21.0},{"not_picked":["Redo","Stack"],"picked":"Cold Snap","floor":23.0},{"not_picked":["Turbo","Force Field"],"picked":"Go for the Eyes+1","floor":28.0},{"not_picked":["Consume","Steam"],"picked":"Chill","floor":30.0},{"not_picked":["Coolheaded","Rip and Tear"],"picked":"Defragment","floor":31.0},{"not_picked":["Rainbow","Buffer"],"picked":"Echo Form","floor":33.0},{"not_picked":["Gash+1","Storm+1"],"picked":"Hologram+1","floor":35.0},{"not_picked":["Recycle","Hologram","Beam Cell"],"picked":"SKIP","floor":36.0},{"not_picked":["Rip and Tear","Hologram+1","Rebound"],"picked":"SKIP","floor":40.0},{"not_picked":["Streamline","Hello World","Gash+1"],"picked":"SKIP","floor":42.0},{"not_picked":["Capacitor+1","Machine Learning","Melter"],"picked":"SKIP","floor":44.0},{"not_picked":["Force Field","Streamline"],"picked":"Stack","floor":46.0},{"not_picked":["Turbo","Stack","Coolheaded"],"picked":"SKIP","floor":47.0},{"not_picked":["Steam","Recycle"],"picked":"Barrage+1","floor":55.0}],"player_experience":1070010,"relics_obtained":[{"floor":5.0,"key":"InkBottle"},{"floor":6.0,"key":"Whetstone"},{"floor":9.0,"key":"Akabeko"},{"floor":12.0,"key":"MawBank"},{"floor":14.0,"key":"Gremlin Horn"},{"floor":23.0,"key":"PreservedInsect"},{"floor":26.0,"key":"Happy Flower"},{"floor":30.0,"key":"War Paint"},{"floor":38.0,"key":"Turnip"},{"floor":40.0,"key":"Boot"},{"floor":44.0,"key":"Oddly Smooth Stone"},{"floor":47.0,"key":"Thread and Needle"},{"floor":55.0,"key":"Blood Vial"}],"event_choices":[{"damage_healed":0.0,"max_hp_gain":0.0,"max_hp_loss":0.0,"gold_gain":0.0,"event_name":"Scrap Ooze","player_choice":"Success","floor":2.0,"gold_loss":0.0,"damage_taken":11.0,"relics_obtained":["Du-Vu Doll"]},{"damage_healed":19.0,"max_hp_gain":0.0,"max_hp_loss":0.0,"gold_gain":0.0,"event_name":"The Cleric","player_choice":"Healed","floor":3.0,"gold_loss":35.0,"damage_taken":0.0},{"damage_healed":0.0,"max_hp_gain":0.0,"max_hp_loss":0.0,"gold_gain":0.0,"event_name":"Shining Light","player_choice":"Entered Light","floor":4.0,"gold_loss":0.0,"damage_taken":23.0,"cards_upgraded":["Defend_B","Defend_B"]},{"damage_healed":0.0,"max_hp_gain":0.0,"max_hp_loss":0.0,"gold_gain":0.0,"event_name":"Vampires","player_choice":"Ignored","floor":22.0,"gold_loss":0.0,"damage_taken":0.0},{"damage_healed":0.0,"max_hp_gain":0.0,"max_hp_loss":39.0,"gold_gain":0.0,"event_name":"Ghosts","player_choice":"Became a Ghost","floor":24.0,"gold_loss":0.0,"damage_taken":0.0,"cards_obtained":["Ghostly","Ghostly","Ghostly"]},{"damage_healed":0.0,"max_hp_gain":0.0,"max_hp_loss":0.0,"gold_gain":0.0,"event_name":"Lab","player_choice":"Got Potions","floor":29.0,"gold_loss":0.0,"damage_taken":0.0},{"damage_healed":0.0,"max_hp_gain":0.0,"max_hp_loss":0.0,"gold_gain":999.0,"event_name":"MindBloom","player_choice":"Gold","floor":37.0,"gold_loss":0.0,"damage_taken":0.0,"cards_obtained":["Normality","Normality"]},{"damage_healed":0.0,"max_hp_gain":0.0,"max_hp_loss":0.0,"gold_gain":0.0,"event_name":"Mysterious Sphere","player_choice":"Fight","floor":38.0,"gold_loss":0.0,"damage_taken":0.0}],"is_beta":false,"boss_relics":[{"not_picked":["Philosopher\u0027s Stone","Runic Dome"],"picked":"Empty Cage"},{"not_picked":["SacredBark","FrozenCore"],"picked":"Inserter"}],"items_purged_floors":[39,41],"is_endless":false,"potions_floor_spawned":[1,8,12,14,21,30,31,33,35,36,44,47,55],"killed_by":"The Heart","ascension_level":20}