{"gold_per_floor":[112,127,137,154,165,190,190,208,234,66,66,116,130,161,161,232,232,252,252,270,195,214,248,248,282,354,354,367,380,414,31,31,108,108,153,53,53,73,152,152,187,203,203,203,248,75,110,147,147,147,147,147,147,22,53,53],"floor_reached":57,"playtime":4943,"items_purged":["Zap","Fusion","Sunder"],"score":3162,"play_id":"524da361-3a0a-4f5c-901e-30d2fbde2b93","local_time":"20220824014528","is_ascension_mode":true,"campfire_choices":[{"data":"Sunder","floor":7.0,"key":"SMITH"},{"data":"Sunder","floor":15.0,"key":"SMITH"},{"data":"Genetic Algorithm","floor":24.0,"key":"SMITH"},{"data":"Biased Cognition","floor":27.0,"key":"SMITH"},{"data":"HandOfGreed","floor":32.0,"key":"SMITH"},{"floor":40.0,"key":"RECALL"},{"floor":49.0,"key":"REST"},{"floor":53.0,"key":"REST"}],"neow_cost":"NONE","seed_source_timestamp":0,"circlet_count":0,"master_deck":["AscendersBane","Dualcast","Sunder+1","Reinforced Body","Ball Lightning","Sunder+1","Skim","Reinforced Body","Meteor Strike","Genetic Algorithm+1","Multi-Cast","Self Repair","Undo","Amplify","Tempest","All For One","Capacitor+1","Conserve Battery+1","Biased Cognition+1","Doom and Gloom","Biased Cognition","HandOfGreed+1","Echo Form","Double Energy+1","Apotheosis","Electrodynamics","Core Surge","Glacier+1","Undo+1","Seek"],"special_seed":0,"relics":["Snecko Eye","Question Card","Nunchaku","Toy Ornithopter","Kunai","Pandora\u0027s Box","Oddly Smooth Stone","Strawberry","PreservedInsect","Mercury Hourglass","Vajra","ClockworkSouvenir","Fusion Hammer","Incense Burner","Dream Catcher","Orrery","StrikeDummy"],"potions_floor_usage":[56],"damage_taken":[{"damage":4.0,"enemies":"Small Slimes","floor":1.0,"turns":4.0},{"damage":9.0,"enemies":"Jaw Worm","floor":2.0,"turns":4.0},{"damage":0.0,"enemies":"Cultist","floor":3.0,"turns":3.0},{"damage":8.0,"enemies":"Exordium Thugs","floor":4.0,"turns":4.0},{"damage":3.0,"enemies":"2 Fungi Beasts","floor":5.0,"turns":5.0},{"damage":11.0,"enemies":"Gremlin Nob","floor":6.0,"turns":3.0},{"damage":0.0,"enemies":"Exordium Wildlife","floor":8.0,"turns":2.0},{"damage":3.0,"enemies":"Blue Slaver","floor":13.0,"turns":3.0},{"damage":8.0,"enemies":"3 Sentries","floor":14.0,"turns":6.0},{"damage":5.0,"enemies":"Hexaghost","floor":16.0,"turns":6.0},{"damage":0.0,"enemies":"Chosen","floor":18.0,"turns":6.0},{"damage":0.0,"enemies":"Spheric Guardian","floor":20.0,"turns":3.0},{"damage":0.0,"enemies":"Snake Plant","floor":22.0,"turns":2.0},{"damage":0.0,"enemies":"Gremlin Leader","floor":23.0,"turns":4.0},{"damage":24.0,"enemies":"Book of Stabbing","floor":25.0,"turns":4.0},{"damage":0.0,"enemies":"Centurion and Healer","floor":28.0,"turns":4.0},{"damage":20.0,"enemies":"Shelled Parasite and Fungi","floor":29.0,"turns":3.0},{"damage":0.0,"enemies":"Slavers","floor":30.0,"turns":2.0},{"damage":0.0,"enemies":"Champ","floor":33.0,"turns":6.0},{"damage":0.0,"enemies":"Orb Walker","floor":35.0,"turns":3.0},{"damage":0.0,"enemies":"3 Shapes","floor":38.0,"turns":3.0},{"damage":16.0,"enemies":"2 Orb Walkers","floor":39.0,"turns":3.0},{"damage":5.0,"enemies":"Giant Head","floor":41.0,"turns":5.0},{"damage":0.0,"enemies":"3 Darklings","floor":42.0,"turns":2.0},{"damage":30.0,"enemies":"4 Shapes","floor":45.0,"turns":4.0},{"damage":0.0,"enemies":"Sphere and 2 Shapes","floor":47.0,"turns":2.0},{"damage":1.0,"enemies":"3 Darklings","floor":48.0,"turns":3.0},{"damage":0.0,"enemies":"Time Eater","floor":50.0,"turns":6.0},{"damage":0.0,"enemies":"Donu and Deca","floor":51.0,"turns":5.0},{"damage":0.0,"enemies":"Shield and Spear","floor":55.0,"turns":5.0},{"damage":52,"enemies":"The Heart","floor":56,"turns":8}],"seed_played":"862398403236667352","potions_obtained":[{"floor":2.0,"key":"SpeedPotion"},{"floor":3.0,"key":"Explosive Potion"},{"floor":6.0,"key":"Swift Potion"},{"floor":18.0,"key":"EssenceOfDarkness"},{"floor":20.0,"key":"Fire Potion"},{"floor":28.0,"key":"DuplicationPotion"},{"floor":39.0,"key":"Block Potion"},{"floor":41.0,"key":"LiquidMemories"},{"floor":45.0,"key":"PowerPotion"}],"is_trial":false,"path_per_floor":["M","M","M","M","M","E","R","M","T","$","?","?","M","E","R","B",null,"M","?","M","$","M","E","R","E","T","R","M","M","E","$","R","B",null,"M","$","?","M","?","R","E","M","T","$","M","$","M","M","R","B","B",null,"R","$","E","B",null],"character_chosen":"DEFECT","items_purchased":["Toy Ornithopter","ClockworkSouvenir","HandOfGreed","Orrery"],"campfire_rested":2,"item_purchase_floors":[10,31,31,46],"current_hp_per_floor":[60,51,51,43,40,29,29,29,29,29,34,27,24,16,16,11,60,67,67,76,76,76,83,83,66,66,66,80,67,74,74,74,81,83,83,83,73,83,67,67,81,83,83,83,53,53,60,66,83,83,83,83,83,83,83,41],"gold":53,"neow_bonus":"BOSS_RELIC","is_prod":false,"is_daily":false,"chose_seed":false,"campfire_upgraded":5,"win_rate":0,"timestamp":1661330728,"path_taken":["M","M","M","M","M","E","R","M","T","$","?","?","M","E","R","BOSS","M","?","M","?","M","E","R","E","T","R","M","M","E","$","R","BOSS","M","$","?","M","?","R","E","M","T","?","?","$","M","M","R","BOSS","BOSS","R","$","E","BOSS"],"build_version":"2022-03-07","purchased_purges":3,"victory":true,"max_hp_per_floor":[71,71,71,71,71,71,71,71,71,71,76,76,76,76,76,76,76,76,76,76,76,76,83,83,83,83,83,83,83,83,83,83,83,83,83,83,83,83,83,83,83,83,83,83,83,83,83,83,83,83,83,83,83,83,83,83],"relic_stats":{"Nunchaku":[18],"Dream Catcher":2,"counters":[31,122],"Snecko Eye":[189,183,150,194,103],"Pandora\u0027s Box":["Genetic Algorithm","Multi-Cast","Fusion","Self Repair","Undo","Amplify","Tempest","All For One"],"PreservedInsect":249,"Kunai":[28],"Question Card":32,"obtain_stats":[{"Oddly Smooth Stone":19,"Vajra":30,"PreservedInsect":25,"Incense Burner":39,"Question Card":6,"Mercury Hourglass":26,"ClockworkSouvenir":31,"Nunchaku":9,"Dream Catcher":41,"Strawberry":23,"Snecko Eye":0,"Orrery":46,"Pandora\u0027s Box":17,"Fusion Hammer":34,"Kunai":14,"Cracked Core":0,"StrikeDummy":55,"Toy Ornithopter":10},{"Oddly Smooth Stone":11,"Vajra":18,"PreservedInsect":15,"Incense Burner":22,"Question Card":6,"Mercury Hourglass":15,"ClockworkSouvenir":18,"Nunchaku":7,"Dream Catcher":23,"Strawberry":14,"Snecko Eye":0,"Orrery":25,"Pandora\u0027s Box":10,"Fusion Hammer":19,"Kunai":9,"Cracked Core":0,"StrikeDummy":30,"Toy Ornithopter":7},{"Oddly Smooth Stone":46,"Vajra":68,"PreservedInsect":59,"Incense Burner":83,"Question Card":23,"Mercury Hourglass":59,"ClockworkSouvenir":68,"Nunchaku":25,"Dream Catcher":87,"Strawberry":55,"Snecko Eye":0,"Orrery":93,"Pandora\u0027s Box":40,"Fusion Hammer":74,"Kunai":34,"Cracked Core":0,"StrikeDummy":114,"Toy Ornithopter":25}],"Toy Ornithopter":7,"Mercury Hourglass":[233]},"card_choices":[{"not_picked":["Turbo","Beam Cell"],"picked":"Sunder","floor":1.0},{"not_picked":["White Noise","Chaos","Redo"],"picked":"SKIP","floor":2.0},{"not_picked":["Go for the Eyes","Redo","Turbo"],"picked":"SKIP","floor":3.0},{"not_picked":["Rip and Tear","Lockon"],"picked":"Reinforced Body","floor":4.0},{"not_picked":["Stack","Coolheaded"],"picked":"Ball Lightning","floor":5.0},{"not_picked":["Reinforced Body","Turbo"],"picked":"Sunder","floor":6.0},{"not_picked":["Turbo","Steam","Stack"],"picked":"Skim","floor":8.0},{"not_picked":["Consume","Stack","Static Discharge"],"picked":"Reinforced Body","floor":13.0},{"not_picked":["Consume","BootSequence","White Noise"],"picked":"Sunder","floor":14.0},{"not_picked":["Seek","Amplify","Biased Cognition"],"picked":"Meteor Strike","floor":16.0},{"not_picked":["Go for the Eyes","Hologram","Leap"],"picked":"Capacitor+1","floor":18.0},{"not_picked":["Beam Cell","Leap","BootSequence","Turbo+1"],"picked":"SKIP","floor":20.0},{"not_picked":["Rebound","Gash","Blizzard"],"picked":"Conserve Battery+1","floor":22.0},{"not_picked":["Turbo","Ball Lightning","Lockon"],"picked":"Biased Cognition","floor":23.0},{"not_picked":["Turbo","Cold Snap","Stack"],"picked":"Doom and Gloom","floor":25.0},{"not_picked":["Leap","Tempest","Steam","Cold Snap"],"picked":"SKIP","floor":28.0},{"not_picked":["Storm","Steam","Auto Shields","Lockon"],"picked":"SKIP","floor":29.0},{"not_picked":["Doom and Gloom","Steam Power+1","Compile Driver"],"picked":"Biased Cognition","floor":30.0},{"not_picked":["Meteor Strike","Seek","Biased Cognition"],"picked":"Echo Form","floor":33.0},{"not_picked":["Recycle","Cold Snap","Leap"],"picked":"Double Energy+1","floor":35.0},{"not_picked":["Thinking Ahead","Dark Shackles","Enlightenment"],"picked":"Apotheosis","floor":37.0},{"not_picked":["Steam+1","Compile Driver","Rebound","Ball Lightning"],"picked":"SKIP","floor":38.0},{"not_picked":["Beam Cell","Turbo","Loop","Sunder"],"picked":"SKIP","floor":41.0},{"not_picked":["Hello World","Fusion","Go for the Eyes"],"picked":"Electrodynamics","floor":42.0},{"not_picked":["Hologram","Beam Cell","Leap","Storm"],"picked":"SKIP","floor":45.0},{"not_picked":["Steam+1","Hologram","BootSequence"],"picked":"Core Surge","floor":46.0},{"not_picked":["Core Surge","Ball Lightning+1","BootSequence+1"],"picked":"Glacier+1","floor":46.0},{"not_picked":["Aggregate","Conserve Battery","Ball Lightning"],"picked":"Undo+1","floor":47.0},{"not_picked":["Undo","Steam","Gash","FTL"],"picked":"SKIP","floor":48.0},{"not_picked":["Ball Lightning","Doom and Gloom+1","Steam"],"picked":"Seek","floor":53.0},{"not_picked":["Coolheaded","Self Repair+1","BootSequence","Conserve Battery"],"picked":"SKIP","floor":55.0}],"player_experience":1090229,"relics_obtained":[{"floor":6.0,"key":"Question Card"},{"floor":9.0,"key":"Nunchaku"},{"floor":14.0,"key":"Kunai"},{"floor":23.0,"key":"Strawberry"},{"floor":25.0,"key":"PreservedInsect"},{"floor":26.0,"key":"Mercury Hourglass"},{"floor":30.0,"key":"Vajra"},{"floor":39.0,"key":"Incense Burner"},{"floor":41.0,"key":"Dream Catcher"},{"floor":55.0,"key":"StrikeDummy"}],"event_choices":[{"damage_healed":0.0,"max_hp_gain":5.0,"max_hp_loss":0.0,"gold_gain":0.0,"event_name":"Big Fish","player_choice":"Donut","floor":11.0,"gold_loss":0.0,"damage_taken":0.0},{"damage_healed":0.0,"max_hp_gain":0.0,"max_hp_loss":0.0,"gold_gain":50.0,"event_name":"FaceTrader","player_choice":"Touch","floor":12.0,"gold_loss":0.0,"damage_taken":7.0},{"damage_healed":0.0,"max_hp_gain":0.0,"max_hp_loss":0.0,"gold_gain":0.0,"event_name":"WeMeetAgain","player_choice":"Gave Potion","floor":19.0,"gold_loss":0.0,"damage_taken":0.0,"relics_obtained":["Oddly Smooth Stone"]},{"damage_healed":0.0,"max_hp_gain":0.0,"max_hp_loss":0.0,"gold_gain":0.0,"event_name":"SensoryStone","player_choice":"Memory 3","floor":37.0,"gold_loss":0.0,"damage_taken":10.0},{"damage_healed":0.0,"max_hp_gain":0.0,"max_hp_loss":0.0,"gold_gain":0.0,"event_name":"Mysterious Sphere","player_choice":"Fight","floor":39.0,"gold_loss":0.0,"damage_taken":0.0}],"is_beta":false,"boss_relics":[{"not_picked":["Sozu","Calling Bell"],"picked":"Pandora\u0027s Box"},{"not_picked":["Busted Crown","Inserter"],"picked":"Fusion Hammer"}],"items_purged_floors":[21,36,54],"is_endless":false,"potions_floor_spawned":[2,3,6,14,18,20,28,38,39,41,45,55],"ascension_level":20}