{"gold_per_floor":[111,186,198,37,37,37,312,347,347,347,357,385,385],"floor_reached":13,"playtime":481,"items_purged":[],"score":232,"play_id":"e0b8eb04-f688-469b-8b82-36923d26c556","local_time":"20220823161126","is_ascension_mode":true,"campfire_choices":[{"floor":6.0,"key":"REST"}],"neow_cost":"NONE","seed_source_timestamp":97458347117694,"circlet_count":0,"master_deck":["AscendersBane","Strike_B","Strike_B+1","Strike_B","Strike_B+1","Defend_B","Defend_B","Defend_B","Defend_B","Zap","Dualcast","Darkness","Regret","Rebound","Lockon+1","Sweeping Beam+1"],"special_seed":0,"relics":["Cracked Core","Tiny Chest","DataDisk","StoneCalendar","Bag of Preparation","Molten Egg 2","Blue Candle"],"potions_floor_usage":[13],"damage_taken":[{"damage":7.0,"enemies":"Jaw Worm","floor":1.0,"turns":4.0},{"damage":1.0,"enemies":"2 Louse","floor":3.0,"turns":3.0},{"damage":33.0,"enemies":"Gremlin Nob","floor":8.0,"turns":4.0},{"damage":5.0,"enemies":"Cultist","floor":11.0,"turns":3.0},{"damage":3.0,"enemies":"Lagavulin","floor":12.0,"turns":4.0},{"damage":7,"enemies":"Lots of Slimes","floor":13,"turns":1}],"seed_played":"6734271596881967275","potions_obtained":[{"floor":3.0,"key":"SpeedPotion"},{"floor":12.0,"key":"Swift Potion"}],"is_trial":false,"path_per_floor":["M","?","M","$","?","R","?","E","T","T","M","E","M"],"character_chosen":"DEFECT","items_purchased":["DataDisk"],"campfire_rested":1,"item_purchase_floors":[4],"current_hp_per_floor":[57,46,45,45,24,45,45,12,12,12,7,4,0],"gold":385,"neow_bonus":"RANDOM_COMMON_RELIC","is_prod":false,"is_daily":false,"chose_seed":false,"campfire_upgraded":0,"win_rate":0,"timestamp":1661296286,"path_taken":["M","?","M","$","?","R","?","E","T","?","M","E","?"],"build_version":"2022-03-07","purchased_purges":0,"victory":false,"max_hp_per_floor":[71,71,71,71,71,71,71,71,71,71,71,71,71],"relic_stats":{"counters":[6,19],"Blue Candle":[1],"Tiny Chest":1,"StoneCalendar":[0],"Bag of Preparation":[6],"obtain_stats":[{"DataDisk":4,"Blue Candle":12,"Tiny Chest":0,"StoneCalendar":8,"Molten Egg 2":10,"Bag of Preparation":9,"Cracked Core":0},{"DataDisk":2,"Blue Candle":5,"Tiny Chest":0,"StoneCalendar":3,"Molten Egg 2":3,"Bag of Preparation":3,"Cracked Core":0},{"DataDisk":7,"Blue Candle":18,"Tiny Chest":0,"StoneCalendar":11,"Molten Egg 2":11,"Bag of Preparation":11,"Cracked Core":0}]},"card_choices":[{"not_picked":["Redo","Beam Cell"],"picked":"Darkness","floor":1.0},{"not_picked":["Chaos","Fusion","Heatsinks"],"picked":"SKIP","floor":3.0},{"not_picked":["Turbo","Steam"],"picked":"Rebound","floor":8.0},{"not_picked":["Scrape+1","Cold Snap+1"],"picked":"Lockon+1","floor":11.0},{"not_picked":["Compile Driver+1","Undo"],"picked":"Sweeping Beam+1","floor":12.0}],"player_experience":1084892,"relics_obtained":[{"floor":8.0,"key":"StoneCalendar"},{"floor":9.0,"key":"Bag of Preparation"},{"floor":10.0,"key":"Molten Egg 2"},{"floor":12.0,"key":"Blue Candle"}],"event_choices":[{"damage_healed":0.0,"max_hp_gain":0.0,"max_hp_loss":0.0,"gold_gain":75.0,"event_name":"World of Goop","player_choice":"Gather Gold","floor":2.0,"gold_loss":0.0,"damage_taken":11.0},{"damage_healed":0.0,"max_hp_gain":0.0,"max_hp_loss":0.0,"gold_gain":0.0,"event_name":"Shining Light","player_choice":"Entered Light","floor":5.0,"gold_loss":0.0,"damage_taken":21.0,"cards_upgraded":["Strike_B","Strike_B"]},{"damage_healed":0.0,"max_hp_gain":0.0,"max_hp_loss":0.0,"gold_gain":275.0,"event_name":"Golden Shrine","player_choice":"Desecrate","floor":7.0,"gold_loss":0.0,"damage_taken":0.0,"cards_obtained":["Regret"]}],"is_beta":false,"boss_relics":[],"items_purged_floors":[],"is_endless":false,"potions_floor_spawned":[3,12],"killed_by":"Lots of Slimes","ascension_level":20}