{"gold_per_floor":[153,153,78,97,132,132,218,277,301,301,367,367,425,104,104,201,201,214,21,21,116,158,235,303,331,331,256,331,331,41,94,94,193,193,229,229,327,417,99,154,191,229,229,280,280,317,407,462,462,487,537,537,537,39,71,71],"floor_reached":57,"playtime":6364,"items_purged":["Strike_B","Defend_B","Defend_B"],"score":2865,"play_id":"cf484517-79b8-422c-be71-cadad4cacc54","local_time":"20220826164214","is_ascension_mode":true,"campfire_choices":[{"data":"HandOfGreed","floor":6.0,"key":"SMITH"},{"floor":10.0,"key":"REST"},{"data":"Self Repair","floor":12.0,"key":"SMITH"},{"data":"Redo","floor":15.0,"key":"SMITH"},{"floor":32.0,"key":"RECALL"},{"floor":49.0,"key":"REST"},{"floor":53.0,"key":"REST"}],"neow_cost":"TEN_PERCENT_HP_LOSS","seed_source_timestamp":0,"circlet_count":0,"master_deck":["AscendersBane","Strike_B+1","Strike_B+1","Defend_B","Defend_B+1","Zap","Dualcast+1","HandOfGreed+1","Doom and Gloom+1","Undo","Self Repair+1","Echo Form","Beam Cell","Redo+1","Hologram","Fission+1","Stack","Apotheosis","Turbo+1","Seek","Coolheaded+1","Ghostly","Ghostly","Ghostly","Coolheaded+1","Reboot","Multi-Cast","Creative AI","Darkness","PanicButton"],"special_seed":0,"relics":["Cracked Core","Whetstone","Lantern","MealTicket","Medical Kit","Fusion Hammer","War Paint","Toy Ornithopter","Symbiotic Virus","InkBottle","DataDisk","Sundial","SlaversCollar","Turnip","Runic Capacitor","Strawberry","Pantograph","Potion Belt","Lizard Tail","Bronze Scales","OrangePellets","Happy Flower"],"potions_floor_usage":[56,56,56,56],"damage_taken":[{"damage":7.0,"enemies":"Small Slimes","floor":1.0,"turns":4.0},{"damage":4.0,"enemies":"2 Louse","floor":4.0,"turns":2.0},{"damage":2.0,"enemies":"Jaw Worm","floor":5.0,"turns":4.0},{"damage":17.0,"enemies":"Lots of Slimes","floor":7.0,"turns":7.0},{"damage":20.0,"enemies":"3 Sentries","floor":8.0,"turns":7.0},{"damage":2.0,"enemies":"Exordium Wildlife","floor":11.0,"turns":4.0},{"damage":8.0,"enemies":"Gremlin Nob","floor":13.0,"turns":3.0},{"damage":40.0,"enemies":"Slime Boss","floor":16.0,"turns":12.0},{"damage":12.0,"enemies":"Chosen","floor":18.0,"turns":5.0},{"damage":7.0,"enemies":"3 Byrds","floor":21.0,"turns":8.0},{"damage":4.0,"enemies":"Cultist and Chosen","floor":22.0,"turns":5.0},{"damage":44.0,"enemies":"Slavers","floor":23.0,"turns":5.0},{"damage":10.0,"enemies":"Centurion and Healer","floor":24.0,"turns":8.0},{"damage":15.0,"enemies":"Gremlin Leader","floor":25.0,"turns":5.0},{"damage":2.0,"enemies":"Slavers","floor":28.0,"turns":7.0},{"damage":0.0,"enemies":"Gremlin Leader","floor":31.0,"turns":4.0},{"damage":6.0,"enemies":"Automaton","floor":33.0,"turns":7.0},{"damage":0.0,"enemies":"Orb Walker","floor":35.0,"turns":3.0},{"damage":0.0,"enemies":"2 Orb Walkers","floor":37.0,"turns":4.0},{"damage":0.0,"enemies":"3 Shapes","floor":38.0,"turns":5.0},{"damage":21.0,"enemies":"Nemesis","floor":40.0,"turns":11.0},{"damage":0.0,"enemies":"Writhing Mass","floor":41.0,"turns":5.0},{"damage":2.0,"enemies":"3 Darklings","floor":42.0,"turns":4.0},{"damage":0.0,"enemies":"Reptomancer","floor":44.0,"turns":6.0},{"damage":0.0,"enemies":"Spire Growth","floor":46.0,"turns":4.0},{"damage":16.0,"enemies":"4 Shapes","floor":47.0,"turns":16.0},{"damage":1.0,"enemies":"Giant Head","floor":48.0,"turns":8.0},{"damage":11.0,"enemies":"Donu and Deca","floor":50.0,"turns":10.0},{"damage":5.0,"enemies":"Awakened One","floor":51.0,"turns":13.0},{"damage":5.0,"enemies":"Shield and Spear","floor":55.0,"turns":6.0},{"damage":39,"enemies":"The Heart","floor":56,"turns":11}],"seed_played":"-732804476702425307","potions_obtained":[{"floor":5.0,"key":"CultistPotion"},{"floor":13.0,"key":"Explosive Potion"},{"floor":21.0,"key":"Weak Potion"},{"floor":22.0,"key":"Strength Potion"},{"floor":28.0,"key":"Ancient Potion"},{"floor":31.0,"key":"SneckoOil"},{"floor":37.0,"key":"SteroidPotion"},{"floor":44.0,"key":"Energy Potion"},{"floor":48.0,"key":"Explosive Potion"},{"floor":55.0,"key":"LiquidMemories"}],"is_trial":false,"path_per_floor":["M","?","$","M","M","R","M","E","T","R","M","R","?","$","R","B",null,"M","$","?","M","M","E","M","E","T","?","E","?","$","E","R","B",null,"M","?","?","M","$","E","M","M","T","E","?","M","M","E","R","B","B",null,"R","$","E","B",null],"character_chosen":"DEFECT","items_purchased":["Medical Kit","Hologram","Apotheosis","DataDisk","Runic Capacitor","Strawberry","Bronze Scales","OrangePellets","PanicButton","BlessingOfTheForge"],"campfire_rested":3,"item_purchase_floors":[14,14,19,30,39,39,54,54,54,54],"current_hp_per_floor":[57,38,38,34,32,32,22,9,9,28,33,33,35,50,50,20,53,61,64,64,64,64,20,20,25,25,25,43,32,32,32,32,32,32,32,32,32,32,39,38,39,39,39,39,39,39,33,39,39,39,39,39,39,39,39,25],"gold":71,"neow_bonus":"RANDOM_COLORLESS_2","is_prod":false,"is_daily":false,"chose_seed":false,"campfire_upgraded":3,"win_rate":0,"timestamp":1661557334,"path_taken":["M","?","$","M","M","R","M","E","T","R","M","R","?","?","R","BOSS","M","?","?","M","M","E","M","E","T","?","E","?","$","E","R","BOSS","M","?","?","M","$","E","M","M","T","E","?","M","M","E","R","BOSS","BOSS","R","$","E","BOSS"],"build_version":"2022-03-07","purchased_purges":3,"victory":true,"max_hp_per_floor":[64,64,64,64,64,64,64,64,64,64,64,64,64,64,64,64,64,64,64,64,64,64,64,64,64,64,64,64,32,32,32,32,32,32,32,32,32,32,39,39,39,39,39,39,39,39,39,39,39,39,39,39,39,39,39,39],"relic_stats":{"Happy Flower":[3],"counters":[31,203],"Whetstone":["Strike_B","Doom and Gloom"],"War Paint":["Fission","Defend_B"],"Medical Kit":[33],"OrangePellets":[7],"Lizard Tail":0,"Sundial":[20],"Pantograph":0,"Bronze Scales":[177],"MealTicket":18,"Turnip":[2],"obtain_stats":[{"Potion Belt":44,"Lantern":9,"Happy Flower":55,"Runic Capacitor":39,"Whetstone":8,"War Paint":23,"Medical Kit":14,"SlaversCollar":34,"OrangePellets":54,"DataDisk":30,"Lizard Tail":48,"Sundial":31,"Strawberry":39,"Pantograph":40,"Bronze Scales":54,"MealTicket":13,"Fusion Hammer":17,"Turnip":37,"Cracked Core":0,"Symbiotic Virus":26,"Toy Ornithopter":25,"InkBottle":28},{"Potion Belt":24,"Lantern":5,"Happy Flower":30,"Runic Capacitor":20,"Whetstone":5,"War Paint":12,"Medical Kit":7,"SlaversCollar":17,"OrangePellets":29,"DataDisk":15,"Lizard Tail":27,"Sundial":16,"Strawberry":20,"Pantograph":21,"Bronze Scales":29,"MealTicket":7,"Fusion Hammer":8,"Turnip":19,"Cracked Core":0,"Symbiotic Virus":14,"Toy Ornithopter":14,"InkBottle":15},{"Potion Belt":135,"Lantern":24,"Happy Flower":192,"Runic Capacitor":109,"Whetstone":24,"War Paint":66,"Medical Kit":31,"SlaversCollar":97,"OrangePellets":186,"DataDisk":86,"Lizard Tail":163,"Sundial":90,"Strawberry":109,"Pantograph":120,"Bronze Scales":186,"MealTicket":31,"Fusion Hammer":43,"Turnip":104,"Cracked Core":0,"Symbiotic Virus":79,"Toy Ornithopter":79,"InkBottle":86}],"Toy Ornithopter":15,"InkBottle":[66]},"card_choices":[{"not_picked":["Sadistic Nature","Magnetism"],"picked":"HandOfGreed","floor":0.0},{"not_picked":["Rebound","Darkness"],"picked":"Doom and Gloom","floor":1.0},{"not_picked":["Hello World","Stack"],"picked":"Undo","floor":4.0},{"not_picked":["Beam Cell","Undo"],"picked":"Self Repair","floor":5.0},{"not_picked":["Conserve Battery","Streamline"],"picked":"Lockon","floor":7.0},{"not_picked":["Tempest","Glacier"],"picked":"Echo Form","floor":8.0},{"not_picked":["Steam","Ball Lightning"],"picked":"Beam Cell","floor":11.0},{"not_picked":["Turbo","Doom and Gloom"],"picked":"Redo","floor":13.0},{"not_picked":["Amplify","Hyperbeam"],"picked":"Fission","floor":16.0},{"not_picked":["Consume","Reprogram"],"picked":"Stack","floor":18.0},{"not_picked":["Ball Lightning","Stack","Compile Driver"],"picked":"SKIP","floor":21.0},{"not_picked":["Redo","Stack"],"picked":"Turbo+1","floor":22.0},{"not_picked":["Turbo","Scrape"],"picked":"Seek","floor":23.0},{"not_picked":["Gash","Reinforced Body+1"],"picked":"Coolheaded+1","floor":24.0},{"not_picked":["Stack","Redo+1","Coolheaded"],"picked":"SKIP","floor":25.0},{"not_picked":["Gash+1","Redo","Coolheaded"],"picked":"SKIP","floor":28.0},{"not_picked":["Leap","Turbo"],"picked":"Coolheaded+1","floor":31.0},{"not_picked":["Thunder Strike","Electrodynamics"],"picked":"Reboot","floor":33.0},{"not_picked":["Tempest","Go for the Eyes+1","Leap"],"picked":"SKIP","floor":35.0},{"not_picked":["Stack+1","Streamline"],"picked":"Multi-Cast","floor":38.0},{"not_picked":["Recycle","Barrage+1","Rebound"],"picked":"SKIP","floor":40.0},{"not_picked":["Conserve Battery","Thunder Strike","Sweeping Beam"],"picked":"SKIP","floor":41.0},{"not_picked":["Conserve Battery","Blizzard","Steam"],"picked":"SKIP","floor":42.0},{"not_picked":["Hologram","Beam Cell+1"],"picked":"Creative AI","floor":44.0},{"not_picked":["White Noise+1","Recycle","Turbo"],"picked":"SKIP","floor":46.0},{"not_picked":["White Noise+1","Recycle","Turbo"],"picked":"SKIP","floor":46.0},{"not_picked":["Hologram","Barrage+1"],"picked":"Darkness","floor":47.0},{"not_picked":["Ball Lightning","Turbo","Rebound"],"picked":"SKIP","floor":48.0},{"not_picked":["Sweeping Beam","Thunder Strike","Cold Snap+1"],"picked":"SKIP","floor":55.0}],"player_experience":1123982,"relics_obtained":[{"floor":8.0,"key":"Whetstone"},{"floor":9.0,"key":"Lantern"},{"floor":13.0,"key":"MealTicket"},{"floor":23.0,"key":"War Paint"},{"floor":25.0,"key":"Toy Ornithopter"},{"floor":26.0,"key":"Symbiotic Virus"},{"floor":28.0,"key":"InkBottle"},{"floor":31.0,"key":"Sundial"},{"floor":37.0,"key":"Turnip"},{"floor":40.0,"key":"Pantograph"},{"floor":44.0,"key":"Potion Belt"},{"floor":48.0,"key":"Lizard Tail"},{"floor":55.0,"key":"Happy Flower"}],"event_choices":[{"damage_healed":0.0,"max_hp_gain":0.0,"max_hp_loss":0.0,"gold_gain":0.0,"event_name":"Shining Light","player_choice":"Entered Light","floor":2.0,"gold_loss":0.0,"damage_taken":19.0,"cards_upgraded":["Strike_B","Dualcast"]},{"damage_healed":0.0,"max_hp_gain":0.0,"max_hp_loss":0.0,"gold_gain":0.0,"event_name":"Dead Adventurer","player_choice":"Searched \u00271\u0027 times","floor":13.0,"gold_loss":0.0,"damage_taken":0.0},{"damage_healed":0.0,"max_hp_gain":0.0,"max_hp_loss":0.0,"gold_gain":0.0,"event_name":"Vampires","player_choice":"Ignored","floor":20.0,"gold_loss":0.0,"damage_taken":0.0},{"cards_removed":["Strike_B"],"damage_healed":0.0,"max_hp_gain":0.0,"max_hp_loss":0.0,"gold_gain":0.0,"event_name":"Beggar","player_choice":"Gave Gold","floor":27.0,"gold_loss":75.0,"damage_taken":0.0},{"damage_healed":0.0,"max_hp_gain":0.0,"max_hp_loss":32.0,"gold_gain":0.0,"event_name":"Ghosts","player_choice":"Became a Ghost","floor":29.0,"gold_loss":0.0,"damage_taken":0.0,"cards_obtained":["Ghostly","Ghostly","Ghostly"]},{"damage_healed":0.0,"max_hp_gain":0.0,"max_hp_loss":0.0,"gold_gain":0.0,"event_name":"Tomb of Lord Red Mask","player_choice":"Ignored","floor":36.0,"gold_loss":0.0,"damage_taken":0.0},{"damage_healed":0.0,"max_hp_gain":0.0,"max_hp_loss":0.0,"gold_gain":0.0,"event_name":"Mysterious Sphere","player_choice":"Fight","floor":37.0,"gold_loss":0.0,"damage_taken":0.0},{"cards_removed":["Lockon"],"damage_healed":0.0,"max_hp_gain":0.0,"max_hp_loss":0.0,"gold_gain":0.0,"event_name":"Falling","player_choice":"Removed Attack","floor":45.0,"gold_loss":0.0,"damage_taken":0.0}],"is_beta":false,"boss_relics":[{"not_picked":["Philosopher\u0027s Stone","Inserter"],"picked":"Fusion Hammer"},{"not_picked":["Pandora\u0027s Box","FrozenCore"],"picked":"SlaversCollar"}],"items_purged_floors":[3,14,30],"is_endless":false,"potions_floor_spawned":[5,13,21,22,28,31,37,42,44,48,55],"ascension_level":20}