{"gold_per_floor":[112,124,124,136,61,87,87,113,139,104,135,145,179,198,198,273,273,289,204,204,65,74,118,118,118],"floor_reached":25,"playtime":1647,"items_purged":["Pain"],"score":694,"play_id":"7a6d9de0-3234-403d-8da5-eca842bfe06e","local_time":"20220824171745","is_ascension_mode":true,"campfire_choices":[{"data":"Doom and Gloom","floor":7.0,"key":"SMITH"},{"data":"Loop","floor":15.0,"key":"SMITH"},{"data":"Darkness","floor":24,"key":"SMITH"}],"neow_cost":"NONE","seed_source_timestamp":0,"circlet_count":0,"master_deck":["AscendersBane","Strike_B+1","Strike_B","Strike_B+1","Strike_B","Defend_B","Defend_B","Defend_B","Defend_B","Zap","Dualcast","Doom and Gloom+1","Steam Power","BootSequence","Redo","Coolheaded","Loop+1","Conserve Battery","Turbo","Machine Learning","Multi-Cast","Defragment","Lockon","Stack+1","Darkness+1","Biased Cognition"],"special_seed":0,"relics":["Philosopher\u0027s Stone","WarpedTongs","Whetstone","Regal Pillow","Strawberry","Meat on the Bone","Dream Catcher","Black Star","CeramicFish","Orrery","Pantograph","Gremlin Horn"],"potions_floor_usage":[23,23],"damage_taken":[{"damage":8.0,"enemies":"Jaw Worm","floor":1.0,"turns":3.0},{"damage":2.0,"enemies":"Cultist","floor":2.0,"turns":4.0},{"damage":1.0,"enemies":"Small Slimes","floor":4.0,"turns":2.0},{"damage":7.0,"enemies":"Gremlin Nob","floor":6.0,"turns":3.0},{"damage":6.0,"enemies":"Lagavulin","floor":8.0,"turns":6.0},{"damage":42.0,"enemies":"Gremlin Nob","floor":11.0,"turns":4.0},{"damage":4.0,"enemies":"Exordium Wildlife","floor":12.0,"turns":5.0},{"damage":1.0,"enemies":"Lagavulin","floor":13.0,"turns":6.0},{"damage":0.0,"enemies":"Looter","floor":14.0,"turns":2.0},{"damage":19.0,"enemies":"Hexaghost","floor":16.0,"turns":9.0},{"damage":13.0,"enemies":"2 Thieves","floor":18.0,"turns":4.0},{"damage":24,"enemies":"Book of Stabbing","floor":23,"turns":3},{"damage":44,"enemies":"Slavers","floor":25,"turns":3}],"seed_played":"-285624346377584839","potions_obtained":[{"floor":1.0,"key":"AttackPotion"},{"floor":4.0,"key":"AttackPotion"},{"floor":11.0,"key":"ColorlessPotion"},{"floor":12.0,"key":"Dexterity Potion"},{"floor":16.0,"key":"SneckoOil"},{"floor":18.0,"key":"Regen Potion"}],"is_trial":false,"path_per_floor":["M","M","?","M","$","E","R","E","T","?","E","M","E","M","R","B",null,"M","?","?","$","?","E","R","E"],"character_chosen":"DEFECT","items_purchased":["Orrery"],"campfire_rested":0,"item_purchase_floors":[21],"current_hp_per_floor":[56,54,54,53,53,46,46,40,47,66,24,32,43,43,43,36,68,55,55,55,55,55,40,40,0],"gold":118,"neow_bonus":"BOSS_RELIC","is_prod":false,"is_daily":false,"chose_seed":false,"campfire_upgraded":3,"win_rate":0,"timestamp":1661386665,"path_taken":["M","M","?","?","$","E","R","E","T","?","E","M","E","M","R","BOSS","M","?","?","$","?","E","R","E"],"build_version":"2022-03-07","purchased_purges":1,"victory":false,"max_hp_per_floor":[71,71,71,71,71,71,71,71,78,78,78,78,78,78,78,78,78,78,78,78,78,78,78,78,78],"relic_stats":{"Regal Pillow":0,"Dream Catcher":0,"Gremlin Horn":[0,0],"counters":[13,54],"CeramicFish":45,"Pantograph":0,"Black Star":1,"Whetstone":["Strike_B","Strike_B"],"obtain_stats":[{"Regal Pillow":8,"Gremlin Horn":23,"CeramicFish":19,"Whetstone":6,"WarpedTongs":3,"Dream Catcher":13,"Strawberry":9,"Pantograph":23,"Orrery":21,"Philosopher\u0027s Stone":0,"Black Star":17,"Cracked Core":0,"Meat on the Bone":11},{"Regal Pillow":5,"Gremlin Horn":12,"CeramicFish":11,"Whetstone":4,"WarpedTongs":2,"Dream Catcher":8,"Strawberry":5,"Pantograph":12,"Orrery":11,"Philosopher\u0027s Stone":0,"Black Star":10,"Cracked Core":0,"Meat on the Bone":6},{"Regal Pillow":18,"Gremlin Horn":51,"CeramicFish":48,"Whetstone":12,"WarpedTongs":7,"Dream Catcher":33,"Strawberry":18,"Pantograph":51,"Orrery":48,"Philosopher\u0027s Stone":0,"Black Star":44,"Cracked Core":0,"Meat on the Bone":22}],"WarpedTongs":[47],"Meat on the Bone":36},"card_choices":[{"not_picked":["Leap","Go for the Eyes"],"picked":"Doom and Gloom","floor":1.0},{"not_picked":["Leap","Rebound"],"picked":"Steam Power","floor":2.0},{"not_picked":["Loop","Conserve Battery"],"picked":"BootSequence","floor":4.0},{"not_picked":["Sunder","Hologram"],"picked":"Redo","floor":6.0},{"not_picked":["Redo","Leap"],"picked":"Coolheaded","floor":8.0},{"not_picked":["Amplify","Hologram"],"picked":"Loop","floor":11.0},{"not_picked":["Leap","Aggregate"],"picked":"Conserve Battery","floor":12.0},{"not_picked":["Conserve Battery","Coolheaded"],"picked":"Turbo","floor":13.0},{"not_picked":["Sweeping Beam","Barrage"],"picked":"Machine Learning","floor":14.0},{"not_picked":["Meteor Strike","Machine Learning"],"picked":"Multi-Cast","floor":16.0},{"not_picked":["Cold Snap","Leap","Steam+1"],"picked":"SKIP","floor":18.0},{"not_picked":["Lockon","Consume"],"picked":"Defragment","floor":21.0},{"not_picked":["Ball Lightning","Beam Cell"],"picked":"Lockon","floor":21.0},{"not_picked":["Rebound","Streamline"],"picked":"Stack+1","floor":21.0},{"not_picked":["Genetic Algorithm","Gash"],"picked":"Biased Cognition","floor":23}],"player_experience":1104869,"relics_obtained":[{"floor":6.0,"key":"Whetstone"},{"floor":8.0,"key":"Regal Pillow"},{"floor":9.0,"key":"Strawberry"},{"floor":11.0,"key":"Meat on the Bone"},{"floor":13.0,"key":"Dream Catcher"},{"floor":23,"key":"Pantograph"},{"floor":23,"key":"Gremlin Horn"}],"event_choices":[{"damage_healed":0.0,"max_hp_gain":0.0,"max_hp_loss":0.0,"gold_gain":0.0,"event_name":"Accursed Blacksmith","player_choice":"Rummage","floor":3.0,"gold_loss":0.0,"damage_taken":0.0,"relics_obtained":["WarpedTongs"],"cards_obtained":["Pain"]},{"damage_healed":19.0,"max_hp_gain":0.0,"max_hp_loss":0.0,"gold_gain":0.0,"event_name":"The Cleric","player_choice":"Healed","floor":10.0,"gold_loss":35.0,"damage_taken":0.0},{"damage_healed":0.0,"max_hp_gain":0.0,"max_hp_loss":0.0,"gold_gain":0.0,"event_name":"Addict","player_choice":"Obtained Relic","floor":19.0,"gold_loss":85.0,"damage_taken":0.0,"relics_obtained":["CeramicFish"]},{"damage_healed":0.0,"max_hp_gain":0.0,"max_hp_loss":0.0,"gold_gain":0.0,"event_name":"Cursed Tome","player_choice":"Ignored","floor":20.0,"gold_loss":0.0,"damage_taken":0.0},{"damage_healed":0.0,"max_hp_gain":0.0,"max_hp_loss":0.0,"gold_gain":0.0,"event_name":"The Library","player_choice":"Read","floor":22.0,"gold_loss":0.0,"damage_taken":0.0,"cards_obtained":["Darkness"]}],"is_beta":false,"boss_relics":[{"not_picked":["Inserter","Sozu"],"picked":"Black Star"}],"items_purged_floors":[5],"is_endless":false,"potions_floor_spawned":[1,4,11,12,16,18],"killed_by":"Slavers","ascension_level":20}