{"gold_per_floor":[113,188,38,38,55,84,99,11,86,86],"floor_reached":10,"playtime":519,"items_purged":["Defend_B"],"score":132,"play_id":"e4531478-3ba9-47a0-a7f9-ab978183ec89","local_time":"20220914233934","is_ascension_mode":true,"campfire_choices":[],"neow_cost":"NONE","seed_source_timestamp":3798382359243,"circlet_count":0,"master_deck":["AscendersBane","Strike_B","Strike_B","Strike_B","Strike_B","Defend_B","Defend_B","Defend_B","Zap","Dualcast","Genetic Algorithm","Skim","Recycle","Darkness","Hologram","Buffer"],"special_seed":0,"relics":["Snecko Eye","Blood Vial","Bottled Tornado"],"potions_floor_usage":[10],"damage_taken":[{"damage":2.0,"enemies":"Cultist","floor":1.0,"turns":4.0},{"damage":3.0,"enemies":"2 Louse","floor":5.0,"turns":3.0},{"damage":66.0,"enemies":"Gremlin Nob","floor":6.0,"turns":5.0},{"damage":1.0,"enemies":"Small Slimes","floor":7.0,"turns":4.0},{"damage":7,"enemies":"3 Louse","floor":10,"turns":1}],"seed_played":"4694661626829181888","potions_obtained":[{"floor":1.0,"key":"Dexterity Potion"},{"floor":5.0,"key":"Block Potion"},{"floor":7.0,"key":"SteroidPotion"}],"is_trial":false,"path_per_floor":["M","?","$","?","M","E","M","$","T","M"],"character_chosen":"DEFECT","items_purchased":["Skim","Buffer"],"campfire_rested":0,"item_purchase_floors":[3,8],"current_hp_per_floor":[62,51,51,71,68,2,3,3,3,0],"gold":86,"neow_bonus":"BOSS_RELIC","is_prod":false,"is_daily":false,"chose_seed":false,"campfire_upgraded":0,"win_rate":0,"timestamp":1663216774,"path_taken":["M","?","$","?","M","E","?","$","T","M"],"build_version":"2022-03-07","purchased_purges":1,"victory":false,"max_hp_per_floor":[71,71,71,71,71,71,71,71,71,71],"relic_stats":{"Blood Vial":4,"counters":[5,17],"Snecko Eye":[29,37,31,33,-67],"Bottled Tornado":"Buffer","obtain_stats":[{"Blood Vial":6,"Snecko Eye":0,"Bottled Tornado":9,"Cracked Core":0},{"Blood Vial":3,"Snecko Eye":0,"Bottled Tornado":4,"Cracked Core":0},{"Blood Vial":12,"Snecko Eye":0,"Bottled Tornado":16,"Cracked Core":0}]},"card_choices":[{"not_picked":["Defragment","Streamline"],"picked":"Genetic Algorithm","floor":1.0},{"not_picked":["FTL","Cold Snap"],"picked":"Recycle","floor":5.0},{"not_picked":["Beam Cell","Redo"],"picked":"Darkness","floor":6.0},{"not_picked":["Streamline","Hello World"],"picked":"Hologram","floor":7.0}],"player_experience":1193470,"relics_obtained":[{"floor":6.0,"key":"Blood Vial"},{"floor":9.0,"key":"Bottled Tornado"}],"event_choices":[{"damage_healed":0.0,"max_hp_gain":0.0,"max_hp_loss":0.0,"gold_gain":75.0,"event_name":"World of Goop","player_choice":"Gather Gold","floor":2.0,"gold_loss":0.0,"damage_taken":11.0},{"damage_healed":20.0,"max_hp_gain":0.0,"max_hp_loss":0.0,"gold_gain":0.0,"event_name":"Wheel of Change","player_choice":"Full Heal","floor":4.0,"gold_loss":0.0,"damage_taken":0.0}],"is_beta":false,"boss_relics":[],"items_purged_floors":[3],"is_endless":false,"potions_floor_spawned":[1,5,7],"killed_by":"3 Louse","ascension_level":20}