{"gold_per_floor":[112,112,128,10,25,51,68,68,68,68,94,109,125,137,137,214,214,234,54,67,80,100,135,149,183,183,83,83,103,113,148,148,221,221,234,244,244,255,273,273,298,298,298,326,326,326,144,155,155,155,155,155,155,67,97,97],"floor_reached":57,"playtime":6528,"items_purged":["Strike_B","Defend_B","Regret"],"score":3076,"play_id":"56090bf4-aa52-412b-ba0e-9bc0c181f990","local_time":"20220922163140","is_ascension_mode":true,"campfire_choices":[{"data":"Fission","floor":8.0,"key":"SMITH"},{"data":"Skim","floor":10.0,"key":"SMITH"},{"floor":15.0,"key":"REST"},{"data":"Hologram","floor":28.0,"key":"SMITH"},{"data":"Capacitor","floor":32.0,"key":"SMITH"},{"data":"Biased Cognition","floor":40.0,"key":"SMITH"},{"data":"Meteor Strike","floor":42.0,"key":"SMITH"},{"floor":49.0,"key":"RECALL"},{"data":"Coolheaded","floor":53,"key":"SMITH"}],"neow_cost":"NONE","seed_source_timestamp":0,"circlet_count":0,"master_deck":["AscendersBane","Strike_B","Zap","Dualcast","Compile Driver","Fission+1","Skim+1","Glacier","Ball Lightning","Capacitor+1","Turbo","Genetic Algorithm","Undo","Reinforced Body","White Noise","Meteor Strike+1","Hologram+1","Meteor Strike","Coolheaded+1","Consume+1","Heatsinks+1","Biased Cognition+1","Creative AI","Darkness+1","Reboot+1","Seek+1","Loop","Hologram+1","Skim+1","Hyperbeam","Reinforced Body","Loop"],"special_seed":0,"relics":["Cursed Key","Shuriken","Gambling Chip","Snecko Eye","Mercury Hourglass","Potion Belt","Bottled Flame","Astrolabe","Toy Ornithopter","Orichalcum","Symbiotic Virus"],"potions_floor_usage":[56,56,56],"damage_taken":[{"damage":3.0,"enemies":"2 Louse","floor":1.0,"turns":3.0},{"damage":2.0,"enemies":"Cultist","floor":3.0,"turns":4.0},{"damage":2.0,"enemies":"Jaw Worm","floor":5.0,"turns":5.0},{"damage":11.0,"enemies":"Lagavulin","floor":6.0,"turns":7.0},{"damage":0.0,"enemies":"Gremlin Gang","floor":7.0,"turns":1.0},{"damage":32.0,"enemies":"3 Sentries","floor":11.0,"turns":10.0},{"damage":1.0,"enemies":"3 Louse","floor":12.0,"turns":3.0},{"damage":0.0,"enemies":"Exordium Thugs","floor":13.0,"turns":4.0},{"damage":3.0,"enemies":"Large Slime","floor":14.0,"turns":5.0},{"damage":8.0,"enemies":"Slime Boss","floor":16.0,"turns":12.0},{"damage":9.0,"enemies":"2 Thieves","floor":18.0,"turns":4.0},{"damage":0.0,"enemies":"3 Byrds","floor":20.0,"turns":4.0},{"damage":0.0,"enemies":"Cultist and Chosen","floor":21.0,"turns":4.0},{"damage":1.0,"enemies":"3 Cultists","floor":22.0,"turns":5.0},{"damage":0.0,"enemies":"Gremlin Leader","floor":23.0,"turns":4.0},{"damage":2.0,"enemies":"Shelled Parasite and Fungi","floor":24.0,"turns":3.0},{"damage":10.0,"enemies":"Slavers","floor":25.0,"turns":3.0},{"damage":0.0,"enemies":"Centurion and Healer","floor":29.0,"turns":3.0},{"damage":0.0,"enemies":"Chosen and Byrds","floor":30.0,"turns":5.0},{"damage":0.0,"enemies":"Gremlin Leader","floor":31.0,"turns":3.0},{"damage":16.0,"enemies":"Collector","floor":33.0,"turns":6.0},{"damage":0.0,"enemies":"3 Shapes","floor":35.0,"turns":2.0},{"damage":0.0,"enemies":"Orb Walker","floor":36.0,"turns":4.0},{"damage":0.0,"enemies":"Transient","floor":38.0,"turns":6.0},{"damage":0.0,"enemies":"Maw","floor":39.0,"turns":4.0},{"damage":0.0,"enemies":"Giant Head","floor":41.0,"turns":4.0},{"damage":0.0,"enemies":"Reptomancer","floor":44.0,"turns":4.0},{"damage":0.0,"enemies":"4 Shapes","floor":48.0,"turns":2.0},{"damage":20,"enemies":"Time Eater","floor":50,"turns":10},{"damage":0,"enemies":"Awakened One","floor":51,"turns":5},{"damage":0,"enemies":"Shield and Spear","floor":55,"turns":4},{"damage":14,"enemies":"The Heart","floor":56,"turns":7}],"seed_played":"-1452909786061586606","potions_obtained":[{"floor":3.0,"key":"AttackPotion"},{"floor":6.0,"key":"Dexterity Potion"},{"floor":12.0,"key":"Weak Potion"},{"floor":18.0,"key":"FairyPotion"},{"floor":25.0,"key":"Strength Potion"},{"floor":29.0,"key":"EssenceOfSteel"},{"floor":30.0,"key":"PowerPotion"},{"floor":36.0,"key":"ColorlessPotion"},{"floor":38.0,"key":"PotionOfCapacity"}],"is_trial":false,"path_per_floor":["M","?","M","$","M","E","M","R","T","R","E","M","M","M","R","B",null,"M","$","M","M","M","E","M","E","T","$","R","M","M","E","R","B",null,"M","M","?","M","M","R","E","R","T","E","?","?","$","M","R","B","B",null,"R","$","E","B",null],"character_chosen":"DEFECT","items_purchased":["Glacier","Meteor Strike","FocusPotion","Reinforced Body"],"campfire_rested":1,"item_purchase_floors":[4,19,47,54],"current_hp_per_floor":[61,61,59,59,57,46,46,46,46,46,14,13,13,10,31,23,59,50,50,50,50,49,49,47,37,37,37,37,37,37,37,37,21,59,59,59,59,59,59,59,59,59,59,59,59,59,59,59,59,39,39,63,63,63,63,57],"gold":97,"neow_bonus":"BOSS_RELIC","is_prod":false,"is_daily":false,"chose_seed":false,"campfire_upgraded":7,"win_rate":0,"timestamp":1663882300,"path_taken":["M","?","M","$","M","E","M","R","T","R","E","M","M","M","R","BOSS","M","$","?","M","M","E","M","E","T","?","R","M","M","E","R","BOSS","M","M","?","M","M","R","E","R","T","E","?","?","$","M","R","BOSS","BOSS","R","$","E","BOSS"],"build_version":"2022-03-07","purchased_purges":3,"victory":true,"max_hp_per_floor":[71,71,71,71,71,71,71,71,71,71,71,71,71,71,71,71,71,71,71,71,71,71,71,71,71,71,71,71,71,71,71,71,71,71,71,71,71,71,71,71,71,71,71,71,71,71,71,71,71,71,71,71,71,71,71,71],"relic_stats":{"Bottled Flame":"Meteor Strike","counters":[32,150],"Shuriken":[65],"Gambling Chip":[75],"Astrolabe":["Darkness","Reboot","Seek"],"Snecko Eye":[273,277,256,250,10],"Orichalcum":[6],"Cursed Key":1,"obtain_stats":[{"Potion Belt":25,"Bottled Flame":31,"Shuriken":6,"Gambling Chip":11,"Astrolabe":34,"Snecko Eye":17,"Orichalcum":44,"Cracked Core":0,"Cursed Key":0,"Symbiotic Virus":55,"Toy Ornithopter":41,"Mercury Hourglass":23},{"Potion Belt":17,"Bottled Flame":20,"Shuriken":4,"Gambling Chip":6,"Astrolabe":21,"Snecko Eye":10,"Orichalcum":27,"Cracked Core":0,"Cursed Key":0,"Symbiotic Virus":31,"Toy Ornithopter":26,"Mercury Hourglass":15},{"Potion Belt":81,"Bottled Flame":92,"Shuriken":19,"Gambling Chip":30,"Astrolabe":98,"Snecko Eye":54,"Orichalcum":122,"Cracked Core":0,"Cursed Key":0,"Symbiotic Virus":143,"Toy Ornithopter":118,"Mercury Hourglass":75}],"Toy Ornithopter":8,"Mercury Hourglass":[317]},"card_choices":[{"not_picked":["Stack","Leap"],"picked":"Compile Driver","floor":1.0},{"not_picked":["Redo","Hologram"],"picked":"Skim","floor":3.0},{"not_picked":["BootSequence","Coolheaded"],"picked":"Ball Lightning","floor":5.0},{"not_picked":["Force Field","Redo"],"picked":"Capacitor","floor":6.0},{"not_picked":["Capacitor","Hello World"],"picked":"Turbo","floor":7.0},{"not_picked":["Cold Snap","Conserve Battery"],"picked":"Genetic Algorithm","floor":11.0},{"not_picked":["Hello World","Conserve Battery"],"picked":"Undo","floor":12.0},{"not_picked":["Steam","Stack"],"picked":"Reinforced Body","floor":13.0},{"not_picked":["Barrage","Force Field"],"picked":"White Noise","floor":14.0},{"not_picked":["Amplify","Rainbow"],"picked":"Meteor Strike","floor":16.0},{"not_picked":["Barrage","Gash"],"picked":"Hologram","floor":18.0},{"not_picked":["Cold Snap","Capacitor","Sweeping Beam"],"picked":"SKIP","floor":20.0},{"not_picked":["Leap","Sweeping Beam","Ball Lightning"],"picked":"SKIP","floor":21.0},{"not_picked":["Rebound","Streamline"],"picked":"Coolheaded","floor":22.0},{"not_picked":["Blizzard","Self Repair"],"picked":"Consume+1","floor":23.0},{"not_picked":["Ball Lightning","Conserve Battery","Sweeping Beam"],"picked":"SKIP","floor":24.0},{"not_picked":["Leap","Sunder+1","Compile Driver"],"picked":"SKIP","floor":25.0},{"not_picked":["Gash","Beam Cell"],"picked":"Heatsinks+1","floor":29.0},{"not_picked":["Sweeping Beam","Chaos+1"],"picked":"Biased Cognition","floor":30.0},{"not_picked":["Scrape","Undo","Gash"],"picked":"SKIP","floor":31.0},{"not_picked":["Rainbow","Biased Cognition"],"picked":"Creative AI","floor":33.0},{"not_picked":["Lockon","BootSequence","Scrape+1"],"picked":"SKIP","floor":35.0},{"not_picked":["Aggregate","Streamline"],"picked":"Loop","floor":36.0},{"not_picked":["Aggregate","Leap"],"picked":"Hologram+1","floor":38.0},{"not_picked":["Gash","Barrage","Steam+1"],"picked":"SKIP","floor":39.0},{"not_picked":["Rebound","Consume+1"],"picked":"Skim+1","floor":41.0},{"not_picked":["Creative AI","Aggregate","Sweeping Beam+1"],"picked":"SKIP","floor":44.0},{"not_picked":["Ball Lightning","Turbo","Gash+1"],"picked":"SKIP","floor":48.0},{"not_picked":["Streamline","Compile Driver+1"],"picked":"Loop","floor":55}],"player_experience":1205209,"relics_obtained":[{"floor":6.0,"key":"Shuriken"},{"floor":11.0,"key":"Gambling Chip"},{"floor":23.0,"key":"Mercury Hourglass"},{"floor":25.0,"key":"Potion Belt"},{"floor":31.0,"key":"Bottled Flame"},{"floor":41.0,"key":"Toy Ornithopter"},{"floor":44.0,"key":"Orichalcum"},{"floor":55,"key":"Symbiotic Virus"}],"event_choices":[{"damage_healed":0.0,"max_hp_gain":0.0,"max_hp_loss":0.0,"gold_gain":0.0,"event_name":"Match and Keep!","player_choice":"1 cards matched","floor":2.0,"gold_loss":0.0,"damage_taken":0.0,"cards_obtained":["Fission"]},{"damage_healed":0.0,"max_hp_gain":0.0,"max_hp_loss":0.0,"gold_gain":0.0,"event_name":"Tomb of Lord Red Mask","player_choice":"Ignored","floor":37.0,"gold_loss":0.0,"damage_taken":0.0},{"cards_removed":["Strike_B"],"damage_healed":0.0,"max_hp_gain":0.0,"max_hp_loss":0.0,"gold_gain":0.0,"event_name":"Falling","player_choice":"Removed Attack","floor":45.0,"gold_loss":0.0,"damage_taken":0.0},{"damage_healed":0.0,"max_hp_gain":0.0,"max_hp_loss":0.0,"gold_gain":0.0,"cards_transformed":["Defend_B"],"event_name":"Transmorgrifier","player_choice":"Transformed","floor":46.0,"gold_loss":0.0,"damage_taken":0.0,"cards_obtained":["Hyperbeam"]}],"is_beta":false,"boss_relics":[{"not_picked":["Pandora\u0027s Box","Fusion Hammer"],"picked":"Snecko Eye"},{"not_picked":["Busted Crown","Velvet Choker"],"picked":"Astrolabe"}],"items_purged_floors":[4,27,47],"is_endless":false,"potions_floor_spawned":[3,6,12,18,23,25,29,30,33,36,38,39,48],"ascension_level":20}