{"gold_per_floor":[366,52,71,71,90,90,116,135,161,178,178,210,210,238,238,309,309,320,320,320,338,41,66,66,97,97,129,129,146,146,166,166,244,244,262,101,118,168,247,247,278,278,305,322,349,359,388,3,3,3,3,3,3,3,32,32],"floor_reached":57,"playtime":4107,"items_purged":["Writhe","Strike_B"],"score":3061,"play_id":"1a615b28-d611-4fbf-a4bf-a28297690d48","local_time":"20220917141030","is_ascension_mode":true,"campfire_choices":[{"data":"Self Repair","floor":6.0,"key":"SMITH"},{"data":"Loop","floor":11.0,"key":"SMITH"},{"data":"Genetic Algorithm","floor":13.0,"key":"SMITH"},{"data":"Biased Cognition","floor":15.0,"key":"SMITH"},{"data":"Buffer","floor":30.0,"key":"SMITH"},{"data":"Defragment","floor":32.0,"key":"SMITH"},{"data":"Capacitor","floor":40,"key":"SMITH"},{"data":"Aggregate","floor":42,"key":"SMITH"},{"floor":49,"key":"RECALL"},{"data":"Hologram","floor":53,"key":"SMITH"}],"neow_cost":"CURSE","seed_source_timestamp":0,"circlet_count":0,"master_deck":["AscendersBane","Strike_B+1","Strike_B+1","Strike_B+1","Defend_B+1","Defend_B+1","Defend_B+1","Defend_B+1","Zap","Dualcast","Cold Snap","Core Surge","Self Repair+1","Ball Lightning","Capacitor+1","Loop+1","Genetic Algorithm+1","Hologram","Hologram+1","Biased Cognition+1","Electrodynamics","Aggregate+1","Biased Cognition+1","Turbo","Buffer+1","Defragment+1","Reboot","Coolheaded+1","Core Surge"],"special_seed":0,"relics":["Cracked Core","MealTicket","Blood Vial","Anchor","Peace Pipe","Coffee Dripper","Nilry\u0027s Codex","DollysMirror","Vajra","Thread and Needle","HornCleat","DataDisk","Snecko Eye","Toolbox","Potion Belt","Lantern","Gambling Chip","Darkstone Periapt","Turnip","Blue Candle"],"potions_floor_usage":[39,56,56,56,56],"damage_taken":[{"damage":7.0,"enemies":"Jaw Worm","floor":1.0,"turns":4.0},{"damage":0.0,"enemies":"2 Louse","floor":3.0,"turns":2.0},{"damage":4.0,"enemies":"Cultist","floor":5.0,"turns":3.0},{"damage":39.0,"enemies":"3 Sentries","floor":7.0,"turns":8.0},{"damage":4.0,"enemies":"Looter","floor":8.0,"turns":3.0},{"damage":8.0,"enemies":"Large Slime","floor":10.0,"turns":6.0},{"damage":6.0,"enemies":"Gremlin Nob","floor":12.0,"turns":3.0},{"damage":10.0,"enemies":"3 Sentries","floor":14.0,"turns":5.0},{"damage":33.0,"enemies":"The Guardian","floor":16.0,"turns":9.0},{"damage":4.0,"enemies":"Shell Parasite","floor":18.0,"turns":5.0},{"damage":0.0,"enemies":"Chosen","floor":21.0,"turns":5.0},{"damage":22.0,"enemies":"Gremlin Leader","floor":23.0,"turns":5.0},{"damage":27.0,"enemies":"Book of Stabbing","floor":25.0,"turns":4.0},{"damage":11.0,"enemies":"Gremlin Leader","floor":27.0,"turns":5.0},{"damage":0.0,"enemies":"3 Cultists","floor":29.0,"turns":5.0},{"damage":0.0,"enemies":"Snake Plant","floor":31.0,"turns":4.0},{"damage":4.0,"enemies":"Champ","floor":33.0,"turns":7.0},{"damage":0,"enemies":"Orb Walker","floor":35,"turns":3},{"damage":0,"enemies":"3 Darklings","floor":37,"turns":2},{"damage":6,"enemies":"4 Shapes","floor":39,"turns":7},{"damage":0,"enemies":"Giant Head","floor":41,"turns":7},{"damage":6,"enemies":"Jaw Worm Horde","floor":44,"turns":5},{"damage":0,"enemies":"Nemesis","floor":45,"turns":7},{"damage":0,"enemies":"Sphere and 2 Shapes","floor":46,"turns":4},{"damage":0,"enemies":"Reptomancer","floor":47,"turns":4},{"damage":37,"enemies":"Awakened One","floor":50,"turns":8},{"damage":0,"enemies":"Donu and Deca","floor":51,"turns":7},{"damage":0,"enemies":"Shield and Spear","floor":55,"turns":5},{"damage":40,"enemies":"The Heart","floor":56,"turns":10}],"seed_played":"1287055951292667442","potions_obtained":[{"floor":1.0,"key":"Ancient Potion"},{"floor":7.0,"key":"Fire Potion"},{"floor":8.0,"key":"ColorlessPotion"},{"floor":16.0,"key":"PotionOfCapacity"},{"floor":21.0,"key":"CultistPotion"},{"floor":27.0,"key":"SkillPotion"},{"floor":37,"key":"ColorlessPotion"},{"floor":39,"key":"Explosive Potion"},{"floor":44,"key":"Weak Potion"},{"floor":45,"key":"ColorlessPotion"},{"floor":46,"key":"PowerPotion"}],"is_trial":false,"path_per_floor":["M","$","M","?","M","R","E","M","T","M","R","E","R","E","R","B",null,"M","?","?","M","$","E","?","E","T","E","?","M","R","M","R","B",null,"M","$","M","?","M","R","E","R","T","M","E","M","E","$","R","B","B",null,"R","$","E","B",null],"character_chosen":"DEFECT","items_purchased":["Core Surge","Self Repair","DollysMirror","Turbo","Toolbox","Turnip","FocusPotion"],"campfire_rested":0,"item_purchase_floors":[2,2,22,22,36,48,48],"current_hp_per_floor":[57,57,64,53,56,56,27,35,35,39,39,45,45,47,47,26,60,68,47,47,59,71,49,29,14,14,15,15,27,27,29,29,37,66,76,76,76,76,70,70,76,76,76,76,76,76,76,76,76,49,61,72,72,76,76,46],"gold":32,"neow_bonus":"TWO_FIFTY_GOLD","is_prod":false,"is_daily":false,"chose_seed":false,"campfire_upgraded":9,"win_rate":0,"timestamp":1663441830,"path_taken":["M","$","M","?","M","R","E","M","T","M","R","E","R","E","R","BOSS","M","?","?","?","?","E","?","E","T","E","?","M","R","M","R","BOSS","M","$","M","?","?","R","E","R","T","M","E","M","E","$","R","BOSS","BOSS","R","$","E","BOSS"],"build_version":"2022-03-07","purchased_purges":2,"victory":true,"max_hp_per_floor":[71,71,71,71,71,71,71,71,71,71,71,71,71,71,71,71,71,71,71,71,71,71,71,76,76,76,76,76,76,76,76,76,76,76,76,76,76,76,76,76,76,76,76,76,76,76,76,76,76,76,76,76,76,76,76,76],"relic_stats":{"Blood Vial":30,"Peace Pipe":0,"Darkstone Periapt":0,"counters":[29,151],"Nilry\u0027s Codex":[4,23,23,44],"Gambling Chip":[19],"Blue Candle":[0],"Snecko Eye":[128,136,139,123,-246],"MealTicket":16,"Turnip":[2],"obtain_stats":[{"Potion Belt":41,"Darkstone Periapt":47,"Lantern":43,"Nilry\u0027s Codex":19,"Blue Candle":55,"Vajra":23,"Thread and Needle":25,"Blood Vial":7,"Peace Pipe":14,"Anchor":12,"DataDisk":27,"HornCleat":26,"DollysMirror":22,"Gambling Chip":45,"Snecko Eye":34,"Toolbox":36,"MealTicket":4,"Turnip":48,"Coffee Dripper":17,"Cracked Core":0},{"Potion Belt":21,"Darkstone Periapt":25,"Lantern":21,"Nilry\u0027s Codex":10,"Blue Candle":28,"Vajra":12,"Thread and Needle":13,"Blood Vial":4,"Peace Pipe":8,"Anchor":7,"DataDisk":14,"HornCleat":13,"DollysMirror":11,"Gambling Chip":23,"Snecko Eye":17,"Toolbox":18,"MealTicket":2,"Turnip":25,"Coffee Dripper":9,"Cracked Core":0},{"Potion Belt":101,"Darkstone Periapt":121,"Lantern":101,"Nilry\u0027s Codex":48,"Blue Candle":141,"Vajra":58,"Thread and Needle":62,"Blood Vial":17,"Peace Pipe":34,"Anchor":29,"DataDisk":67,"HornCleat":62,"DollysMirror":53,"Gambling Chip":113,"Snecko Eye":82,"Toolbox":85,"MealTicket":6,"Turnip":121,"Coffee Dripper":43,"Cracked Core":0}]},"card_choices":[{"not_picked":["Heatsinks","Double Energy"],"picked":"Cold Snap","floor":1.0},{"not_picked":["Leap","Rebound"],"picked":"Ball Lightning","floor":3.0},{"not_picked":["Reinforced Body","Beam Cell"],"picked":"Capacitor","floor":5.0},{"not_picked":["Ball Lightning","Redo"],"picked":"Loop","floor":7.0},{"not_picked":["Streamline","Gash"],"picked":"Genetic Algorithm","floor":8.0},{"not_picked":["Turbo","Force Field"],"picked":"Hologram","floor":10.0},{"not_picked":["Steam","Gash"],"picked":"Hologram","floor":12.0},{"not_picked":["Auto Shields","Genetic Algorithm"],"picked":"Biased Cognition","floor":14.0},{"not_picked":["Hyperbeam","Core Surge"],"picked":"Electrodynamics","floor":16.0},{"not_picked":["Reprogram","Gash+1","Steam"],"picked":"SKIP","floor":18.0},{"not_picked":["Storm","Stack"],"picked":"Aggregate","floor":21.0},{"not_picked":["Streamline+1","Stack","Double Energy"],"picked":"SKIP","floor":23.0},{"not_picked":["Streamline","FTL+1"],"picked":"Buffer","floor":25.0},{"not_picked":["Rebound+1","Chill"],"picked":"Defragment","floor":27.0},{"not_picked":["Hello World","Beam Cell","Darkness"],"picked":"SKIP","floor":29.0},{"not_picked":["Undo","Conserve Battery","Steam"],"picked":"SKIP","floor":31.0},{"not_picked":["Thunder Strike","Creative AI"],"picked":"Reboot","floor":33.0},{"not_picked":["Gash","Hello World+1"],"picked":"Coolheaded+1","floor":35},{"not_picked":["Lockon","Tempest","Leap+1"],"picked":"SKIP","floor":37},{"not_picked":["Chill+1","Steam+1","Gash"],"picked":"SKIP","floor":39},{"not_picked":["Steam Power","Rebound","Go for the Eyes"],"picked":"SKIP","floor":41},{"not_picked":["Streamline","Sweeping Beam","Hello World+1"],"picked":"SKIP","floor":44},{"not_picked":["Go for the Eyes","Streamline","Scrape"],"picked":"SKIP","floor":45},{"not_picked":["Hologram","White Noise","Redo+1"],"picked":"SKIP","floor":46},{"not_picked":["Chaos","Coolheaded+1"],"picked":"Core Surge","floor":47},{"not_picked":["Leap","Gash","Steam Power"],"picked":"SKIP","floor":55}],"player_experience":1194565,"relics_obtained":[{"floor":7.0,"key":"Blood Vial"},{"floor":12.0,"key":"Anchor"},{"floor":14.0,"key":"Peace Pipe"},{"floor":19.0,"key":"Nilry\u0027s Codex"},{"floor":23.0,"key":"Vajra"},{"floor":25.0,"key":"Thread and Needle"},{"floor":26.0,"key":"HornCleat"},{"floor":27.0,"key":"DataDisk"},{"floor":41,"key":"Potion Belt"},{"floor":43,"key":"Lantern"},{"floor":45,"key":"Gambling Chip"},{"floor":47,"key":"Darkstone Periapt"},{"floor":55,"key":"Blue Candle"}],"event_choices":[{"damage_healed":0.0,"max_hp_gain":0.0,"max_hp_loss":0.0,"gold_gain":0.0,"event_name":"Scrap Ooze","player_choice":"Success","floor":4.0,"gold_loss":0.0,"damage_taken":11.0,"relics_obtained":["MealTicket"]},{"damage_healed":0.0,"max_hp_gain":0.0,"max_hp_loss":0.0,"gold_gain":0.0,"event_name":"Cursed Tome","player_choice":"Obtained Book","floor":19.0,"gold_loss":0.0,"damage_taken":21.0},{"damage_healed":0.0,"max_hp_gain":0.0,"max_hp_loss":0.0,"gold_gain":0.0,"event_name":"The Mausoleum","player_choice":"Ignored","floor":20.0,"gold_loss":0.0,"damage_taken":0.0},{"damage_healed":0.0,"max_hp_gain":5.0,"max_hp_loss":0.0,"gold_gain":0.0,"event_name":"Forgotten Altar","player_choice":"Shed Blood","floor":24.0,"gold_loss":0.0,"damage_taken":25.0},{"damage_healed":0.0,"max_hp_gain":0.0,"max_hp_loss":0.0,"gold_gain":0.0,"event_name":"Back to Basics","player_choice":"Simplicity","floor":28.0,"gold_loss":0.0,"damage_taken":0.0,"cards_upgraded":["Strike_B","Strike_B","Strike_B","Defend_B","Defend_B","Defend_B","Defend_B"]},{"damage_healed":0,"gold_gain":50,"player_choice":"Pray","damage_taken":0,"max_hp_gain":0,"max_hp_loss":0,"event_name":"Golden Shrine","floor":38,"gold_loss":0}],"is_beta":false,"boss_relics":[{"not_picked":["Busted Crown","Runic Pyramid"],"picked":"Coffee Dripper"},{"not_picked":["Sozu","Philosopher\u0027s Stone"],"picked":"Snecko Eye"}],"items_purged_floors":[2,22],"is_endless":false,"potions_floor_spawned":[1,7,8,16,21,27,37,39,44,45,46,55],"ascension_level":20}