{"gold_per_floor":[213,45,55,71,221,251,251,251],"floor_reached":8,"playtime":549,"items_purged":[],"score":112,"play_id":"d2b40388-6775-48db-a9fb-245600cecd7f","local_time":"20220929193223","is_ascension_mode":true,"campfire_choices":[{"data":"Zap","floor":7.0,"key":"SMITH"}],"neow_cost":"NONE","seed_source_timestamp":437891899700457,"circlet_count":0,"master_deck":["AscendersBane","Strike_B","Strike_B","Strike_B","Strike_B","Defend_B","Defend_B","Defend_B","Defend_B","Zap+1","Dualcast","Leap","Genetic Algorithm","Coolheaded","Doubt","Biased Cognition"],"special_seed":0,"relics":["Cracked Core","Runic Capacitor","Pear"],"potions_floor_usage":[],"damage_taken":[{"damage":0.0,"enemies":"Small Slimes","floor":1.0,"turns":2.0},{"damage":7.0,"enemies":"Jaw Worm","floor":3.0,"turns":4.0},{"damage":0.0,"enemies":"2 Louse","floor":4.0,"turns":3.0},{"damage":29.0,"enemies":"3 Sentries","floor":6.0,"turns":15.0},{"damage":73,"enemies":"Gremlin Nob","floor":8,"turns":4}],"seed_played":"8314664505972364089","potions_obtained":[{"floor":1.0,"key":"SpeedPotion"},{"floor":4.0,"key":"PowerPotion"}],"is_trial":false,"path_per_floor":["M","$","M","M","?","E","R","E"],"character_chosen":"DEFECT","items_purchased":["Runic Capacitor"],"campfire_rested":0,"item_purchase_floors":[2],"current_hp_per_floor":[64,64,57,57,57,38,38,0],"gold":251,"neow_bonus":"HUNDRED_GOLD","is_prod":false,"is_daily":false,"chose_seed":false,"campfire_upgraded":1,"win_rate":0,"timestamp":1664505143,"path_taken":["M","$","M","M","?","E","R","E"],"build_version":"2022-03-07","purchased_purges":0,"victory":false,"max_hp_per_floor":[71,71,71,71,71,81,81,81],"relic_stats":{"counters":[5,28],"obtain_stats":[{"Pear":6,"Runic Capacitor":2,"Cracked Core":0},{"Pear":4,"Runic Capacitor":1,"Cracked Core":0},{"Pear":24,"Runic Capacitor":2,"Cracked Core":0}]},"card_choices":[{"not_picked":["Recycle","Capacitor"],"picked":"Leap","floor":1.0},{"not_picked":["Rip and Tear","Stack"],"picked":"Genetic Algorithm","floor":3.0},{"not_picked":["Streamline","Sweeping Beam"],"picked":"Coolheaded","floor":4.0},{"not_picked":["Go for the Eyes","Leap"],"picked":"Biased Cognition","floor":6.0}],"player_experience":1239380,"relics_obtained":[{"floor":6.0,"key":"Pear"}],"event_choices":[{"damage_healed":0.0,"max_hp_gain":0.0,"max_hp_loss":0.0,"gold_gain":150.0,"event_name":"Liars Game","player_choice":"AGREE","floor":5.0,"gold_loss":0.0,"damage_taken":0.0,"cards_obtained":["Doubt"]}],"is_beta":false,"boss_relics":[],"items_purged_floors":[],"is_endless":false,"potions_floor_spawned":[1,4],"killed_by":"Gremlin Nob","ascension_level":20}