{"gold_per_floor":[116,191,210,224,235,235,267,267,292,320,320,330,480,498,498,573,573,593,508,206,219,237,237,263,263,263,293,326,352,352,78,78,152,152,169,169,182,182,18,49,104,132,132,142,142,155,190,215,215,215,215,215,215,0,30,30],"floor_reached":57,"playtime":5063,"items_purged":["Doubt"],"score":3212,"play_id":"8ecf443e-7ef2-4219-a0dc-ae686be327d5","local_time":"20220929021844","is_ascension_mode":true,"campfire_choices":[{"data":"Coolheaded","floor":6.0,"key":"SMITH"},{"data":"Go for the Eyes","floor":8.0,"key":"SMITH"},{"data":"Seek","floor":11.0,"key":"SMITH"},{"data":"Loop","floor":15.0,"key":"SMITH"},{"data":"Turbo","floor":23.0,"key":"SMITH"},{"floor":25.0,"key":"REST"},{"data":"Fission","floor":32.0,"key":"SMITH"},{"floor":45,"key":"RECALL"},{"data":"Reboot","floor":49,"key":"SMITH"},{"data":"Panacea","floor":53,"key":"SMITH"}],"neow_cost":"NONE","seed_source_timestamp":378209942831351,"circlet_count":0,"master_deck":["AscendersBane","Zap","Dualcast","Undo","Cold Snap","Coolheaded+1","Go for the Eyes+1","Rebound","Seek+1","Loop+1","Double Energy","Echo Form","Recycle","Sweeping Beam","Echo Form","Ball Lightning","Streamline","Reinforced Body","Defragment","Reboot+1","Chaos+1","Turbo+1","White Noise","Compile Driver","Fission+1","Core Surge","Biased Cognition","Skim","All For One","Defragment+1","Master of Strategy","Panacea+1","Dark Shackles","Electrodynamics+1","Glacier","Scrape+1","Force Field","Tempest","Skim"],"special_seed":0,"relics":["Cracked Core","Akabeko","Vajra","Potion Belt","Pandora\u0027s Box","Strawberry","Centennial Puzzle","WingedGreaves","HornCleat","Meat on the Bone","Anchor","CaptainsWheel","Frozen Egg 2","Inserter","Chemical X","Bronze Scales","Unceasing Top","Pantograph","Emotion Chip","Kunai","Molten Egg 2","Medical Kit","Art of War"],"potions_floor_usage":[41,47,56,56,56,56],"damage_taken":[{"damage":1.0,"enemies":"Cultist","floor":1.0,"turns":3.0},{"damage":0.0,"enemies":"2 Louse","floor":3.0,"turns":2.0},{"damage":0.0,"enemies":"Jaw Worm","floor":4.0,"turns":3.0},{"damage":1.0,"enemies":"2 Fungi Beasts","floor":5.0,"turns":3.0},{"damage":2.0,"enemies":"Lagavulin","floor":7.0,"turns":7.0},{"damage":12.0,"enemies":"3 Sentries","floor":10.0,"turns":13.0},{"damage":0.0,"enemies":"Large Slime","floor":12.0,"turns":6.0},{"damage":0.0,"enemies":"3 Louse","floor":14.0,"turns":4.0},{"damage":8.0,"enemies":"The Guardian","floor":16.0,"turns":15.0},{"damage":4.0,"enemies":"3 Byrds","floor":18.0,"turns":5.0},{"damage":13.0,"enemies":"2 Thieves","floor":21.0,"turns":3.0},{"damage":1.0,"enemies":"Shelled Parasite and Fungi","floor":22.0,"turns":5.0},{"damage":33.0,"enemies":"Slavers","floor":24.0,"turns":4.0},{"damage":4.0,"enemies":"Gremlin Leader","floor":27.0,"turns":5.0},{"damage":1.0,"enemies":"Book of Stabbing","floor":28.0,"turns":5.0},{"damage":0.0,"enemies":"Gremlin Leader","floor":29.0,"turns":8.0},{"damage":0.0,"enemies":"Collector","floor":33.0,"turns":7.0},{"damage":0.0,"enemies":"3 Shapes","floor":35.0,"turns":3.0},{"damage":2.0,"enemies":"Orb Walker","floor":37.0,"turns":3.0},{"damage":0.0,"enemies":"Nemesis","floor":40.0,"turns":9.0},{"damage":0,"enemies":"2 Orb Walkers","floor":41,"turns":4},{"damage":0,"enemies":"Reptomancer","floor":42,"turns":5},{"damage":7,"enemies":"Jaw Worm Horde","floor":44,"turns":3},{"damage":0,"enemies":"3 Darklings","floor":46,"turns":2},{"damage":15,"enemies":"Giant Head","floor":47,"turns":7},{"damage":0,"enemies":"Nemesis","floor":48,"turns":7},{"damage":1,"enemies":"Awakened One","floor":50,"turns":12},{"damage":14,"enemies":"Donu and Deca","floor":51,"turns":4},{"damage":4,"enemies":"Shield and Spear","floor":55,"turns":3},{"damage":45,"enemies":"The Heart","floor":56,"turns":8}],"seed_played":"5697130794293688753","potions_obtained":[{"floor":4.0,"key":"BlessingOfTheForge"},{"floor":5.0,"key":"Block Potion"},{"floor":10.0,"key":"Fruit Juice"},{"floor":12.0,"key":"BlessingOfTheForge"},{"floor":18.0,"key":"DuplicationPotion"},{"floor":21.0,"key":"GamblersBrew"},{"floor":24.0,"key":"BlessingOfTheForge"},{"floor":29.0,"key":"SkillPotion"},{"floor":33.0,"key":"SteroidPotion"},{"floor":40.0,"key":"LiquidBronze"},{"floor":41,"key":"SpeedPotion"},{"floor":44,"key":"Block Potion"},{"floor":46,"key":"DistilledChaos"}],"is_trial":false,"path_per_floor":["M","?","M","M","M","R","E","R","T","E","R","M","?","M","R","B",null,"M","?","$","M","M","R","E","R","T","E","E","E","?","$","R","B",null,"M","?","M","?","$","E","?","E","T","M","R","M","E","E","R","B","B",null,"R","$","E","B",null],"character_chosen":"DEFECT","items_purchased":["Turbo","Centennial Puzzle","Frozen Egg 2","Chemical X","Medical Kit","FocusPotion"],"campfire_rested":1,"item_purchase_floors":[20,20,31,39,54,54],"current_hp_per_floor":[63,52,52,52,51,51,49,49,49,37,37,37,37,37,37,29,61,57,64,64,51,50,50,17,46,46,42,53,53,53,53,53,53,76,76,76,74,64,64,64,64,64,64,57,57,57,42,42,42,66,69,80,80,80,76,50],"gold":30,"neow_bonus":"RANDOM_COMMON_RELIC","is_prod":false,"is_daily":false,"chose_seed":false,"campfire_upgraded":8,"win_rate":0,"timestamp":1664443124,"path_taken":["M","?","M","M","M","R","E","R","T","E","R","M","?","?","R","BOSS","M","?","$","M","M","R","E","R","T","E","E","E","?","$","R","BOSS","M","?","M","?","$","E","?","E","T","?","R","?","E","E","R","BOSS","BOSS","R","$","E","BOSS"],"build_version":"2022-03-07","purchased_purges":1,"victory":true,"max_hp_per_floor":[71,71,71,71,71,71,71,71,71,71,71,71,71,71,71,71,71,71,78,78,78,78,78,78,83,83,83,83,83,83,83,83,83,83,83,83,83,83,83,83,83,83,83,83,83,83,83,83,83,83,83,83,83,83,83,83],"relic_stats":{"Inserter":[35],"counters":[30,168],"Medical Kit":[4],"Centennial Puzzle":[36],"Emotion Chip":[34,24,8,1,1],"Bronze Scales":[271],"Pantograph":49,"Pandora\u0027s Box":["Recycle","Sweeping Beam","Echo Form","Ball Lightning","Streamline","Reinforced Body","Defragment","Reboot"],"WingedGreaves":3,"Art of War":[4],"Chemical X":[21],"Kunai":[18],"obtain_stats":[{"Potion Belt":10,"Inserter":34,"Vajra":7,"Frozen Egg 2":31,"Medical Kit":54,"Akabeko":0,"Centennial Puzzle":20,"Anchor":28,"CaptainsWheel":29,"Emotion Chip":43,"HornCleat":26,"Strawberry":19,"Bronze Scales":40,"Pantograph":42,"Pandora\u0027s Box":17,"Molten Egg 2":48,"WingedGreaves":24,"Art of War":55,"Chemical X":39,"Kunai":47,"Cracked Core":0,"Unceasing Top":41,"Meat on the Bone":27},{"Potion Belt":6,"Inserter":17,"Vajra":5,"Frozen Egg 2":16,"Medical Kit":28,"Akabeko":0,"Centennial Puzzle":10,"Anchor":15,"CaptainsWheel":16,"Emotion Chip":22,"HornCleat":13,"Strawberry":10,"Bronze Scales":20,"Pantograph":22,"Pandora\u0027s Box":9,"Molten Egg 2":26,"WingedGreaves":13,"Art of War":29,"Chemical X":19,"Kunai":25,"Cracked Core":0,"Unceasing Top":21,"Meat on the Bone":14},{"Potion Belt":31,"Inserter":98,"Vajra":18,"Frozen Egg 2":91,"Medical Kit":157,"Akabeko":0,"Centennial Puzzle":61,"Anchor":83,"CaptainsWheel":91,"Emotion Chip":122,"HornCleat":73,"Strawberry":61,"Bronze Scales":113,"Pantograph":122,"Pandora\u0027s Box":56,"Molten Egg 2":141,"WingedGreaves":73,"Art of War":160,"Chemical X":104,"Kunai":134,"Cracked Core":0,"Unceasing Top":117,"Meat on the Bone":78}],"Unceasing Top":[1],"Meat on the Bone":24},"card_choices":[{"not_picked":["Steam","Self Repair"],"picked":"Undo","floor":1.0},{"not_picked":["Conserve Battery","Hologram"],"picked":"Cold Snap","floor":3.0},{"not_picked":["Skim","Hologram"],"picked":"Coolheaded","floor":4.0},{"not_picked":["Barrage","Scrape"],"picked":"Go for the Eyes","floor":5.0},{"not_picked":["Cold Snap","Go for the Eyes"],"picked":"Rebound","floor":7.0},{"not_picked":["Barrage","Melter"],"picked":"Seek","floor":10.0},{"not_picked":["Sweeping Beam","Streamline"],"picked":"Loop","floor":12.0},{"not_picked":["Cold Snap","Beam Cell"],"picked":"Double Energy","floor":14.0},{"not_picked":["Electrodynamics","Creative AI"],"picked":"Echo Form","floor":16.0},{"not_picked":["Gash","Hologram"],"picked":"Chaos+1","floor":18.0},{"not_picked":["Hello World","Cold Snap"],"picked":"White Noise","floor":21.0},{"not_picked":["Double Energy","Fusion"],"picked":"Compile Driver","floor":22.0},{"not_picked":["Redo","Streamline"],"picked":"Fission","floor":24.0},{"not_picked":["Turbo","Gash"],"picked":"Core Surge","floor":27.0},{"not_picked":["Coolheaded","Self Repair"],"picked":"Biased Cognition","floor":28.0},{"not_picked":["Redo","Gash","Chaos"],"picked":"SKIP","floor":29.0},{"not_picked":["Hyperbeam","Echo Form+1"],"picked":"All For One","floor":33.0},{"not_picked":["Chaos","Go for the Eyes","Leap"],"picked":"SKIP","floor":35.0},{"not_picked":["Stack","Turbo"],"picked":"Defragment+1","floor":37.0},{"not_picked":["Sadistic Nature+1","Transmutation"],"picked":"Master of Strategy","floor":38.0},{"not_picked":["Blind","Jack Of All Trades"],"picked":"Panacea","floor":38.0},{"not_picked":["Discovery","Deep Breath"],"picked":"Dark Shackles","floor":38.0},{"not_picked":["Go for the Eyes","Glacier"],"picked":"Electrodynamics+1","floor":40.0},{"not_picked":["Rebound","Compile Driver"],"picked":"Glacier","floor":41},{"not_picked":["Barrage","Auto Shields"],"picked":"Scrape+1","floor":42},{"not_picked":["Hello World+1","Rip and Tear","Melter"],"picked":"SKIP","floor":44},{"not_picked":["Conserve Battery","Steam+1"],"picked":"Force Field","floor":46},{"not_picked":["Go for the Eyes+1","Redo+1"],"picked":"Tempest","floor":47},{"not_picked":["Darkness","Steam Power"],"picked":"Skim","floor":48},{"not_picked":["Hello World+1","Redo","White Noise"],"picked":"SKIP","floor":55},{"not_picked":["Hello World+1","Redo","White Noise"],"picked":"SKIP","floor":55}],"player_experience":1232906,"relics_obtained":[{"floor":7.0,"key":"Vajra"},{"floor":10.0,"key":"Potion Belt"},{"floor":24.0,"key":"WingedGreaves"},{"floor":26.0,"key":"HornCleat"},{"floor":27.0,"key":"Meat on the Bone"},{"floor":28.0,"key":"Anchor"},{"floor":29.0,"key":"CaptainsWheel"},{"floor":40.0,"key":"Bronze Scales"},{"floor":41,"key":"Unceasing Top"},{"floor":42,"key":"Pantograph"},{"floor":43,"key":"Emotion Chip"},{"floor":47,"key":"Kunai"},{"floor":48,"key":"Molten Egg 2"},{"floor":55,"key":"Art of War"}],"event_choices":[{"damage_healed":0.0,"max_hp_gain":0.0,"max_hp_loss":0.0,"gold_gain":75.0,"event_name":"World of Goop","player_choice":"Gather Gold","floor":2.0,"gold_loss":0.0,"damage_taken":11.0},{"damage_healed":0.0,"max_hp_gain":0.0,"max_hp_loss":0.0,"gold_gain":150.0,"event_name":"Liars Game","player_choice":"AGREE","floor":13.0,"gold_loss":0.0,"damage_taken":0.0,"cards_obtained":["Doubt"]},{"damage_healed":0.0,"max_hp_gain":0.0,"max_hp_loss":0.0,"gold_gain":0.0,"event_name":"Addict","player_choice":"Obtained Relic","floor":19.0,"gold_loss":85.0,"damage_taken":0.0,"relics_obtained":["Strawberry"]},{"damage_healed":0.0,"max_hp_gain":0.0,"max_hp_loss":0.0,"gold_gain":0.0,"event_name":"The Library","player_choice":"Read","floor":30.0,"gold_loss":0.0,"damage_taken":0.0,"cards_obtained":["Skim"]},{"damage_healed":0.0,"max_hp_gain":0.0,"max_hp_loss":0.0,"gold_gain":0.0,"event_name":"Tomb of Lord Red Mask","player_choice":"Ignored","floor":36.0,"gold_loss":0.0,"damage_taken":0.0},{"damage_healed":0.0,"max_hp_gain":0.0,"max_hp_loss":0.0,"gold_gain":0.0,"event_name":"SensoryStone","player_choice":"Memory 3","floor":38.0,"gold_loss":0.0,"damage_taken":10.0},{"damage_healed":0,"gold_gain":0,"player_choice":"Fight","damage_taken":0,"max_hp_gain":0,"max_hp_loss":0,"event_name":"Mysterious Sphere","floor":41,"gold_loss":0}],"is_beta":false,"boss_relics":[{"not_picked":["SlaversCollar","Sozu"],"picked":"Pandora\u0027s Box"},{"not_picked":["Velvet Choker","Fusion Hammer"],"picked":"Inserter"}],"items_purged_floors":[20],"is_endless":false,"potions_floor_spawned":[4,5,10,12,18,21,24,29,33,40,41,44,46],"ascension_level":20}