{"gold_per_floor":[114,6,26,26,26,60,60,103,103,126,20,0,13,33,33,126,126,149,149,134,134,134],"floor_reached":22,"playtime":853,"items_purged":[],"score":388,"play_id":"f301e12c-0d27-4d25-aa77-59aa2921e5cf","local_time":"20220925003947","is_ascension_mode":true,"campfire_choices":[{"floor":7.0,"key":"REST"},{"floor":15.0,"key":"REST"}],"neow_cost":"NONE","seed_source_timestamp":179955200888450,"circlet_count":0,"master_deck":["AscendersBane","Strike_B+1","Strike_B+1","Strike_B+1","Strike_B+1","Defend_B+1","Defend_B+1","Defend_B+1","Defend_B+1","Zap","Dualcast","Amplify","Defragment","Defragment","Rebound","Heatsinks","Doom and Gloom","Core Surge","Glacier","Turbo","BootSequence","Double Energy","Biased Cognition","Reinforced Body","Self Repair"],"special_seed":0,"relics":["Cracked Core","Golden Idol","Ice Cream","Oddly Smooth Stone","Cursed Key"],"potions_floor_usage":[16,18],"damage_taken":[{"damage":0.0,"enemies":"2 Louse","floor":1.0,"turns":2.0},{"damage":2.0,"enemies":"Jaw Worm","floor":3.0,"turns":3.0},{"damage":46.0,"enemies":"Gremlin Nob","floor":6.0,"turns":6.0},{"damage":30.0,"enemies":"3 Sentries","floor":8.0,"turns":5.0},{"damage":8.0,"enemies":"Small Slimes","floor":10.0,"turns":2.0},{"damage":0.0,"enemies":"Looter","floor":13.0,"turns":2.0},{"damage":0.0,"enemies":"2 Fungi Beasts","floor":14.0,"turns":3.0},{"damage":12,"enemies":"The Guardian","floor":16,"turns":8},{"damage":19,"enemies":"3 Byrds","floor":18,"turns":4},{"damage":13,"enemies":"2 Thieves","floor":20,"turns":4},{"damage":24,"enemies":"Snake Plant","floor":22,"turns":3}],"seed_played":"4329827897407816616","potions_obtained":[{"floor":1.0,"key":"ColorlessPotion"},{"floor":3.0,"key":"Swift Potion"},{"floor":13.0,"key":"ColorlessPotion"},{"floor":14.0,"key":"PowerPotion"},{"floor":18,"key":"FocusPotion"},{"floor":20,"key":"Explosive Potion"}],"is_trial":false,"path_per_floor":["M","$","M","?","?","E","R","E","T","M","$","?","M","M","R","B",null,"M","?","M","?","M"],"character_chosen":"DEFECT","items_purchased":["Defragment","Rebound","Turbo","BootSequence"],"campfire_rested":2,"item_purchase_floors":[2,2,11,11],"current_hp_per_floor":[64,64,62,62,67,21,41,11,11,3,3,3,3,3,23,11,55,36,36,23,23,0],"gold":134,"neow_bonus":"ONE_RANDOM_RARE_CARD","is_prod":false,"is_daily":false,"chose_seed":false,"campfire_upgraded":0,"win_rate":0,"timestamp":1664084387,"path_taken":["M","$","M","?","?","E","R","E","T","M","$","?","M","M","R","BOSS","M","?","M","?","M"],"build_version":"2022-03-07","purchased_purges":0,"victory":false,"max_hp_per_floor":[71,71,71,64,69,69,69,69,69,69,69,69,69,69,69,69,69,69,69,69,69,69],"relic_stats":{"Ice Cream":[24],"counters":[11,42],"Golden Idol":64,"Cursed Key":0,"obtain_stats":[{"Ice Cream":6,"Golden Idol":4,"Oddly Smooth Stone":8,"Cracked Core":0,"Cursed Key":17},{"Ice Cream":3,"Golden Idol":2,"Oddly Smooth Stone":4,"Cracked Core":0,"Cursed Key":8},{"Ice Cream":11,"Golden Idol":5,"Oddly Smooth Stone":16,"Cracked Core":0,"Cursed Key":31}]},"card_choices":[{"not_picked":["Ball Lightning","Loop"],"picked":"Defragment","floor":1.0},{"not_picked":["Go for the Eyes","Redo"],"picked":"Heatsinks","floor":3.0},{"not_picked":["Sunder","Double Energy"],"picked":"Doom and Gloom","floor":6.0},{"not_picked":["Blizzard","Hello World"],"picked":"Core Surge","floor":8.0},{"not_picked":["Cold Snap","Conserve Battery"],"picked":"Glacier","floor":10.0},{"not_picked":["Go for the Eyes","Cold Snap"],"picked":"Double Energy","floor":13.0},{"not_picked":["Redo","Sweeping Beam","Cold Snap"],"picked":"SKIP","floor":14.0},{"not_picked":["Hyperbeam","Echo Form"],"picked":"Biased Cognition","floor":16},{"not_picked":["Compile Driver","Barrage"],"picked":"Reinforced Body","floor":18},{"not_picked":["Cold Snap","Melter","BootSequence"],"picked":"SKIP","floor":20}],"player_experience":1225451,"relics_obtained":[{"floor":6.0,"key":"Ice Cream"},{"floor":8.0,"key":"Oddly Smooth Stone"}],"event_choices":[{"damage_healed":0.0,"max_hp_gain":0.0,"max_hp_loss":7.0,"gold_gain":0.0,"event_name":"Golden Idol","player_choice":"Lose Max HP","floor":4.0,"gold_loss":0.0,"damage_taken":0.0,"relics_obtained":["Golden Idol"]},{"damage_healed":0.0,"max_hp_gain":5.0,"max_hp_loss":0.0,"gold_gain":0.0,"event_name":"Big Fish","player_choice":"Donut","floor":5.0,"gold_loss":0.0,"damage_taken":0.0},{"damage_healed":0.0,"max_hp_gain":0.0,"max_hp_loss":0.0,"gold_gain":0.0,"event_name":"World of Goop","player_choice":"Left Gold","floor":12.0,"gold_loss":20.0,"damage_taken":0.0},{"damage_healed":0,"gold_gain":0,"player_choice":"Simplicity","damage_taken":0,"max_hp_gain":0,"max_hp_loss":0,"event_name":"Back to Basics","floor":19,"gold_loss":0,"cards_upgraded":["Strike_B","Strike_B","Strike_B","Strike_B","Defend_B","Defend_B","Defend_B","Defend_B"]},{"damage_healed":0,"gold_gain":0,"player_choice":"Read","damage_taken":0,"max_hp_gain":0,"max_hp_loss":0,"event_name":"The Library","floor":21,"gold_loss":0,"cards_obtained":["Self Repair"]}],"is_beta":false,"boss_relics":[{"not_picked":["Sozu","Busted Crown"],"picked":"Cursed Key"}],"items_purged_floors":[],"is_endless":false,"potions_floor_spawned":[1,3,13,14,18,20],"killed_by":"Snake Plant","ascension_level":20}