{"gold_per_floor":[116,2,19,19,39,65,83,110,122,60,87,127,172,201,213,296,308,332,344,356,368,395,407,455,486,549,591,603,625,661,259,259,345,345,360,360,387,396,423,452,452,469,469,490,517,536,268,304,304,304,304,304,304,65,98,98],"floor_reached":56,"playtime":4999,"items_purged":["Barrage","Pain"],"score":2244,"play_id":"7578d7d9-4fdd-4bf6-b64f-3ed9a26e7792","local_time":"20220924103745","is_ascension_mode":true,"campfire_choices":[{"floor":15.0,"key":"REST"},{"data":"Ghostly","floor":23.0,"key":"SMITH"},{"data":"Ghostly","floor":32.0,"key":"SMITH"},{"data":"Ghostly","floor":41.0,"key":"SMITH"},{"floor":49.0,"key":"RECALL"},{"data":"Hologram","floor":53.0,"key":"SMITH"}],"neow_cost":"NONE","seed_source_timestamp":0,"circlet_count":0,"master_deck":["AscendersBane","Zap","Dualcast","Sweeping Beam","Coolheaded","Conserve Battery","Compile Driver","Cold Snap","Skim","Doom and Gloom","Electrodynamics","Ball Lightning","White Noise","White Noise","Meteor Strike","Rainbow","BootSequence","Self Repair","Recycle","Loop","Storm","Ghostly+1","Ghostly+1","Ghostly+1","Hologram","Hologram+1","Skim","Double Energy","Thinking Ahead","Creative AI","Finesse","Blind","Mayhem","Defragment","Redo+1","Force Field","Heatsinks"],"special_seed":0,"relics":["Sozu","Mercury Hourglass","MawBank","Odd Mushroom","Symbiotic Virus","Pandora\u0027s Box","CeramicFish","Centennial Puzzle","Bronze Scales","Blood Vial","Nuclear Battery","WarpedTongs","DataDisk","HornCleat","Letter Opener","Toolbox","Pantograph","Lee\u0027s Waffle","Strawberry"],"potions_floor_usage":[],"damage_taken":[{"damage":4.0,"enemies":"Jaw Worm","floor":1.0,"turns":4.0},{"damage":2.0,"enemies":"Small Slimes","floor":3.0,"turns":3.0},{"damage":0.0,"enemies":"2 Louse","floor":5.0,"turns":3.0},{"damage":18.0,"enemies":"3 Sentries","floor":6.0,"turns":7.0},{"damage":12.0,"enemies":"Large Slime","floor":7.0,"turns":7.0},{"damage":7.0,"enemies":"Gremlin Nob","floor":8.0,"turns":3.0},{"damage":0.0,"enemies":"2 Fungi Beasts","floor":11.0,"turns":2.0},{"damage":0.0,"enemies":"The Mushroom Lair","floor":12.0,"turns":2.0},{"damage":10.0,"enemies":"3 Sentries","floor":13.0,"turns":3.0},{"damage":0.0,"enemies":"Lots of Slimes","floor":14.0,"turns":2.0},{"damage":14.0,"enemies":"The Guardian","floor":16.0,"turns":10.0},{"damage":5.0,"enemies":"3 Byrds","floor":18.0,"turns":3.0},{"damage":0.0,"enemies":"Spheric Guardian","floor":22.0,"turns":4.0},{"damage":11.0,"enemies":"Gremlin Leader","floor":24.0,"turns":7.0},{"damage":14.0,"enemies":"Shelled Parasite and Fungi","floor":25.0,"turns":4.0},{"damage":7.0,"enemies":"Book of Stabbing","floor":27.0,"turns":4.0},{"damage":3.0,"enemies":"Centurion and Healer","floor":29.0,"turns":5.0},{"damage":3.0,"enemies":"Snecko","floor":30.0,"turns":5.0},{"damage":0.0,"enemies":"Collector","floor":33.0,"turns":11.0},{"damage":0.0,"enemies":"3 Shapes","floor":35.0,"turns":2.0},{"damage":1.0,"enemies":"3 Darklings","floor":39.0,"turns":3.0},{"damage":1.0,"enemies":"Giant Head","floor":40.0,"turns":6.0},{"damage":1.0,"enemies":"Maw","floor":42.0,"turns":6.0},{"damage":7.0,"enemies":"Transient","floor":44.0,"turns":6.0},{"damage":23.0,"enemies":"Nemesis","floor":45.0,"turns":5.0},{"damage":0.0,"enemies":"3 Darklings","floor":46.0,"turns":3.0},{"damage":3.0,"enemies":"Giant Head","floor":48.0,"turns":7.0},{"damage":9.0,"enemies":"Awakened One","floor":50.0,"turns":13.0},{"damage":20.0,"enemies":"Time Eater","floor":51.0,"turns":8.0},{"damage":18.0,"enemies":"Shield and Spear","floor":55.0,"turns":6.0},{"damage":48,"enemies":"The Heart","floor":56,"turns":3}],"seed_played":"-4416796313147024685","potions_obtained":[],"is_trial":false,"path_per_floor":["M","$","M","?","M","E","M","E","T","?","M","?","E","M","R","B",null,"M","?","?","?","M","R","E","M","T","E","$","M","M","$","R","B",null,"M","?","?","?","M","E","R","M","T","M","E","M","$","E","R","B","B",null,"R","$","E","B"],"character_chosen":"DEFECT","items_purchased":["Coolheaded","Conserve Battery","Thinking Ahead","Blood Vial","Toolbox","Lee\u0027s Waffle","Heatsinks"],"campfire_rested":1,"item_purchase_floors":[2,2,31,31,47,54,54],"current_hp_per_floor":[60,60,58,51,51,33,21,14,14,14,14,14,4,4,25,11,56,51,35,35,35,35,35,31,24,24,24,24,28,25,25,25,34,35,35,33,23,23,31,33,33,33,33,33,17,19,19,25,25,33,13,28,28,40,43,0],"gold":98,"neow_bonus":"BOSS_RELIC","is_prod":false,"is_daily":false,"chose_seed":false,"campfire_upgraded":4,"win_rate":0,"timestamp":1664033865,"path_taken":["M","$","M","?","M","E","M","E","T","?","M","?","E","M","R","BOSS","M","?","?","?","M","R","E","M","T","E","$","M","M","$","R","BOSS","M","?","?","?","M","E","R","?","T","M","E","M","$","E","R","BOSS","BOSS","R","$","E","BOSS"],"build_version":"2022-03-07","purchased_purges":2,"victory":false,"max_hp_per_floor":[71,71,71,71,71,71,71,71,71,71,71,71,71,71,71,71,71,71,35,35,35,35,35,35,35,35,35,35,35,35,35,35,35,35,35,33,33,33,33,33,33,33,33,33,33,33,33,33,33,33,33,33,33,40,47,47],"relic_stats":{"Lee\u0027s Waffle":12,"counters":[31,154],"CeramicFish":117,"Letter Opener":[257],"MawBank":276,"Mercury Hourglass":[551],"WarpedTongs":[59],"Sozu":14,"Blood Vial":10,"Centennial Puzzle":[37],"Bronze Scales":[269],"Pantograph":12,"Pandora\u0027s Box":["Rainbow","Barrage","BootSequence","Self Repair","Recycle","Loop","Storm"],"obtain_stats":[{"Lee\u0027s Waffle":54,"CeramicFish":24,"Letter Opener":45,"Odd Mushroom":12,"MawBank":8,"Mercury Hourglass":6,"Nuclear Battery":34,"WarpedTongs":38,"Sozu":0,"Blood Vial":31,"Centennial Puzzle":26,"DataDisk":40,"HornCleat":43,"Bronze Scales":27,"Pantograph":48,"Strawberry":55,"Toolbox":47,"Pandora\u0027s Box":17,"Cracked Core":0,"Symbiotic Virus":13},{"Lee\u0027s Waffle":29,"CeramicFish":14,"Letter Opener":25,"Odd Mushroom":8,"MawBank":6,"Mercury Hourglass":4,"Nuclear Battery":19,"WarpedTongs":20,"Sozu":0,"Blood Vial":18,"Centennial Puzzle":15,"DataDisk":22,"HornCleat":23,"Bronze Scales":16,"Pantograph":27,"Strawberry":30,"Toolbox":26,"Pandora\u0027s Box":11,"Cracked Core":0,"Symbiotic Virus":9},{"Lee\u0027s Waffle":145,"CeramicFish":59,"Letter Opener":114,"Odd Mushroom":30,"MawBank":26,"Mercury Hourglass":17,"Nuclear Battery":87,"WarpedTongs":89,"Sozu":0,"Blood Vial":76,"Centennial Puzzle":63,"DataDisk":98,"HornCleat":103,"Bronze Scales":67,"Pantograph":124,"Strawberry":151,"Toolbox":117,"Pandora\u0027s Box":45,"Cracked Core":0,"Symbiotic Virus":33}]},"card_choices":[{"not_picked":["Stack","Recycle"],"picked":"Sweeping Beam","floor":1.0},{"not_picked":["Ball Lightning","Redo"],"picked":"Compile Driver","floor":3.0},{"not_picked":["Rebound","Beam Cell"],"picked":"Cold Snap","floor":5.0},{"not_picked":["Compile Driver","Steam"],"picked":"Skim","floor":6.0},{"not_picked":["Darkness","Streamline"],"picked":"Doom and Gloom","floor":7.0},{"not_picked":["Lockon","Hello World"],"picked":"Electrodynamics","floor":8.0},{"not_picked":["Reprogram","Rebound","Aggregate"],"picked":"SKIP","floor":11.0},{"not_picked":["Leap","Conserve Battery"],"picked":"Ball Lightning","floor":12.0},{"not_picked":["Go for the Eyes","Barrage"],"picked":"White Noise","floor":13.0},{"not_picked":["Cold Snap","Sweeping Beam"],"picked":"White Noise","floor":14.0},{"not_picked":["Reboot","Amplify"],"picked":"Meteor Strike","floor":16.0},{"not_picked":["Sweeping Beam","Rip and Tear","Ball Lightning"],"picked":"SKIP","floor":18.0},{"not_picked":["Cold Snap","Go for the Eyes","Ball Lightning"],"picked":"SKIP","floor":22.0},{"not_picked":["Stack+1","Rebound"],"picked":"Hologram","floor":24.0},{"not_picked":["Conserve Battery","Reinforced Body"],"picked":"Skim","floor":25.0},{"not_picked":["Cold Snap","Rebound","Consume"],"picked":"SKIP","floor":27.0},{"not_picked":["Hello World","Barrage+1","Streamline"],"picked":"SKIP","floor":29.0},{"not_picked":["Steam","Compile Driver"],"picked":"Double Energy","floor":30.0},{"not_picked":["Multi-Cast","Biased Cognition"],"picked":"Creative AI","floor":33.0},{"not_picked":["Beam Cell","Auto Shields+1","Hologram"],"picked":"SKIP","floor":35.0},{"not_picked":["Madness","Enlightenment"],"picked":"Finesse","floor":37.0},{"not_picked":["Impatience","Trip"],"picked":"Blind","floor":37.0},{"not_picked":["Flash of Steel","Chrysalis"],"picked":"Mayhem","floor":37.0},{"not_picked":["Redo","Lockon"],"picked":"Defragment","floor":39.0},{"not_picked":["Leap","Steam Power","Gash"],"picked":"SKIP","floor":40.0},{"not_picked":["Storm+1","Hologram","Sweeping Beam"],"picked":"SKIP","floor":42.0},{"not_picked":["Loop","Heatsinks"],"picked":"Redo+1","floor":44.0},{"not_picked":["Barrage","Beam Cell","Static Discharge"],"picked":"SKIP","floor":45.0},{"not_picked":["Skim","Cold Snap+1","Compile Driver+1"],"picked":"SKIP","floor":46.0},{"not_picked":["Gash+1","Go for the Eyes+1"],"picked":"Force Field","floor":48.0},{"not_picked":["Gash+1","Ball Lightning","Steam"],"picked":"SKIP","floor":55.0}],"player_experience":1219672,"relics_obtained":[{"floor":6.0,"key":"Mercury Hourglass"},{"floor":8.0,"key":"MawBank"},{"floor":12.0,"key":"Odd Mushroom"},{"floor":13.0,"key":"Symbiotic Virus"},{"floor":24.0,"key":"CeramicFish"},{"floor":26.0,"key":"Centennial Puzzle"},{"floor":27.0,"key":"Bronze Scales"},{"floor":40.0,"key":"DataDisk"},{"floor":43.0,"key":"HornCleat"},{"floor":45.0,"key":"Letter Opener"},{"floor":48.0,"key":"Pantograph"},{"floor":55.0,"key":"Strawberry"}],"event_choices":[{"cards_removed":["Defend_B"],"damage_healed":0.0,"max_hp_gain":0.0,"max_hp_loss":0.0,"gold_gain":0.0,"event_name":"Golden Wing","player_choice":"Card Removal","floor":4.0,"gold_loss":0.0,"damage_taken":7.0},{"damage_healed":0.0,"max_hp_gain":0.0,"max_hp_loss":0.0,"gold_gain":0.0,"event_name":"World of Goop","player_choice":"Left Gold","floor":10.0,"gold_loss":74.0,"damage_taken":0.0},{"damage_healed":0.0,"max_hp_gain":0.0,"max_hp_loss":0.0,"gold_gain":0.0,"event_name":"Mushrooms","player_choice":"Fought Mushrooms","floor":12.0,"gold_loss":0.0,"damage_taken":0.0},{"damage_healed":0.0,"max_hp_gain":0.0,"max_hp_loss":36.0,"gold_gain":0.0,"event_name":"Ghosts","player_choice":"Became a Ghost","floor":19.0,"gold_loss":0.0,"damage_taken":0.0,"cards_obtained":["Ghostly","Ghostly","Ghostly"]},{"damage_healed":0.0,"max_hp_gain":0.0,"max_hp_loss":0.0,"gold_gain":0.0,"event_name":"The Library","player_choice":"Read","floor":20.0,"gold_loss":0.0,"damage_taken":0.0,"cards_obtained":["Hologram"]},{"damage_healed":0.0,"max_hp_gain":0.0,"max_hp_loss":0.0,"gold_gain":0.0,"event_name":"Vampires","player_choice":"Ignored","floor":21.0,"gold_loss":0.0,"damage_taken":0.0},{"damage_healed":0.0,"max_hp_gain":0.0,"max_hp_loss":2.0,"gold_gain":0.0,"event_name":"Winding Halls","player_choice":"Max HP","floor":36.0,"gold_loss":0.0,"damage_taken":0.0},{"damage_healed":0.0,"max_hp_gain":0.0,"max_hp_loss":0.0,"gold_gain":0.0,"event_name":"SensoryStone","player_choice":"Memory 3","floor":37.0,"gold_loss":0.0,"damage_taken":10.0},{"damage_healed":0.0,"max_hp_gain":0.0,"max_hp_loss":0.0,"gold_gain":0.0,"event_name":"Accursed Blacksmith","player_choice":"Rummage","floor":38.0,"gold_loss":0.0,"damage_taken":0.0,"relics_obtained":["WarpedTongs"],"cards_obtained":["Pain"]}],"is_beta":false,"boss_relics":[{"not_picked":["Runic Pyramid","SlaversCollar"],"picked":"Pandora\u0027s Box"},{"not_picked":["Inserter","Calling Bell"],"picked":"Nuclear Battery"}],"items_purged_floors":[31,47],"is_endless":false,"potions_floor_spawned":[3,6,13,14,16,18,25,27,30,33,39,42,44,55],"killed_by":"The Heart","ascension_level":20}