{"gold_per_floor":[117,27,27,41,59,59,134,159,159,193,193,228,253,253,253,358,430,462,489,489,514,347,347,396,396,420,420,84,106,106,142,142,244,244,258,278,356,336,365,407,407,451,451,470,519,563,319,350,350,350,350],"floor_reached":51,"playtime":4176,"items_purged":["Auto Shields"],"score":1623,"play_id":"f7ccaee2-ea2a-45b7-b3b1-0171ba1d7113","local_time":"20220926195601","is_ascension_mode":true,"campfire_choices":[{"floor":6.0,"key":"REST"},{"floor":11.0,"key":"REST"},{"data":"Biased Cognition","floor":15.0,"key":"SMITH"},{"floor":23.0,"key":"REST"},{"data":"Amplify","floor":25.0,"key":"SMITH"},{"data":"Defragment","floor":27.0,"key":"SMITH"},{"data":"Panacea","floor":30.0,"key":"SMITH"},{"data":"Creative AI","floor":32.0,"key":"SMITH"},{"floor":41.0,"key":"REST"},{"floor":49.0,"key":"RECALL"}],"neow_cost":"NONE","seed_source_timestamp":0,"circlet_count":0,"master_deck":["AscendersBane","Zap","Dualcast","Panacea+1","Redo","Doom and Gloom","Creative AI+1","Ball Lightning","Glacier","Biased Cognition+1","Turbo","Hologram","Amplify+1","Defragment+1","Beam Cell","Stack","Double Energy","Ball Lightning","Storm","Undo","Undo+1","Hologram+1","Capacitor","Coolheaded","Heatsinks","BootSequence+1","Reboot","Coolheaded+1","Turbo","Aggregate","Reinforced Body+1","Turbo+1"],"special_seed":0,"relics":["Cracked Core","Symbiotic Virus","Pear","CeramicFish","DataDisk","Golden Idol","Pandora\u0027s Box","Bronze Scales","Nunchaku","Meat on the Bone","Gremlin Horn","Fusion Hammer","WingedGreaves","War Paint","Oddly Smooth Stone","Ornamental Fan","Art of War","Runic Capacitor","Toy Ornithopter"],"potions_floor_usage":[51],"damage_taken":[{"damage":8.0,"enemies":"2 Louse","floor":1.0,"turns":3.0},{"damage":19.0,"enemies":"Small Slimes","floor":4.0,"turns":3.0},{"damage":14.0,"enemies":"Jaw Worm","floor":5.0,"turns":3.0},{"damage":28.0,"enemies":"3 Sentries","floor":8.0,"turns":5.0},{"damage":12.0,"enemies":"Gremlin Nob","floor":10.0,"turns":3.0},{"damage":20.0,"enemies":"Lagavulin","floor":12.0,"turns":5.0},{"damage":0.0,"enemies":"Gremlin Gang","floor":13.0,"turns":2.0},{"damage":5.0,"enemies":"The Guardian","floor":16.0,"turns":10.0},{"damage":30.0,"enemies":"Shell Parasite","floor":18.0,"turns":3.0},{"damage":0.0,"enemies":"3 Byrds","floor":19.0,"turns":5.0},{"damage":13.0,"enemies":"Snake Plant","floor":21.0,"turns":3.0},{"damage":8.0,"enemies":"Book of Stabbing","floor":24.0,"turns":3.0},{"damage":0.0,"enemies":"Chosen and Byrds","floor":29.0,"turns":3.0},{"damage":13.0,"enemies":"Slavers","floor":31.0,"turns":5.0},{"damage":2.0,"enemies":"Champ","floor":33.0,"turns":8.0},{"damage":0.0,"enemies":"Orb Walker","floor":35.0,"turns":4.0},{"damage":14.0,"enemies":"3 Darklings","floor":36.0,"turns":4.0},{"damage":0.0,"enemies":"2 Orb Walkers","floor":37.0,"turns":2.0},{"damage":33.0,"enemies":"Jaw Worm Horde","floor":39.0,"turns":5.0},{"damage":13.0,"enemies":"Nemesis","floor":40.0,"turns":6.0},{"damage":9.0,"enemies":"Reptomancer","floor":42.0,"turns":5.0},{"damage":0.0,"enemies":"Spire Growth","floor":44.0,"turns":6.0},{"damage":19.0,"enemies":"Giant Head","floor":45.0,"turns":10.0},{"damage":3.0,"enemies":"Nemesis","floor":46.0,"turns":5.0},{"damage":1.0,"enemies":"Giant Head","floor":48.0,"turns":7.0},{"damage":13.0,"enemies":"Time Eater","floor":50.0,"turns":6.0},{"damage":75,"enemies":"Awakened One","floor":51,"turns":10}],"seed_played":"3590566632924656022","potions_obtained":[{"floor":1.0,"key":"Regen Potion"},{"floor":5.0,"key":"Fire Potion"},{"floor":10.0,"key":"LiquidMemories"},{"floor":12.0,"key":"LiquidMemories"},{"floor":16.0,"key":"Energy Potion"},{"floor":31.0,"key":"Dexterity Potion"},{"floor":33.0,"key":"SteroidPotion"},{"floor":35.0,"key":"LiquidBronze"},{"floor":36.0,"key":"DistilledChaos"},{"floor":38.0,"key":"BlessingOfTheForge"},{"floor":44.0,"key":"Swift Potion"}],"is_trial":false,"path_per_floor":["M","$","?","M","M","R","?","E","T","E","R","E","M","?","R","B",null,"M","M","?","M","$","R","E","R","T","R","$","M","R","E","R","B",null,"M","M","?","?","M","E","R","E","T","M","E","E","$","E","R","B","B"],"character_chosen":"DEFECT","items_purchased":["Doom and Gloom","Capacitor","GamblersBrew","Meat on the Bone","Heatsinks","Runic Capacitor"],"campfire_rested":4,"item_purchase_floors":[2,22,22,28,28,47],"current_hp_per_floor":[56,56,56,37,23,44,33,19,29,17,41,21,21,21,21,16,59,29,29,29,16,16,37,29,29,29,29,29,41,41,40,40,38,64,64,50,50,50,29,28,49,40,40,40,33,42,42,41,41,45,0],"gold":350,"neow_bonus":"RANDOM_COLORLESS","is_prod":false,"is_daily":false,"chose_seed":false,"campfire_upgraded":5,"win_rate":0,"timestamp":1664240161,"path_taken":["M","$","?","M","M","R","?","E","T","E","R","E","M","?","R","BOSS","M","M","?","M","$","R","E","R","T","R","$","M","R","E","R","BOSS","M","M","?","?","M","E","R","E","T","M","E","E","$","E","R","BOSS","BOSS"],"build_version":"2022-03-07","purchased_purges":1,"victory":false,"max_hp_per_floor":[71,71,71,71,71,71,71,71,81,81,81,81,81,73,73,73,73,73,73,73,73,73,73,73,73,73,73,73,73,73,73,73,73,73,73,73,73,73,73,73,73,73,73,73,73,73,73,73,73,73,73],"relic_stats":{"Gremlin Horn":[14,14],"counters":[27,134],"Golden Idol":153,"CeramicFish":225,"War Paint":["BootSequence","Coolheaded"],"Nunchaku":[6],"Ornamental Fan":[0],"Bronze Scales":[285],"Pandora\u0027s Box":["Defragment","Beam Cell","Stack","Thunder Strike","Double Energy","Auto Shields","Ball Lightning","Storm"],"WingedGreaves":3,"Art of War":[7],"obtain_stats":[{"Pear":9,"Gremlin Horn":31,"Golden Idol":14,"CeramicFish":10,"Oddly Smooth Stone":42,"Runic Capacitor":47,"War Paint":40,"DataDisk":12,"Nunchaku":26,"Ornamental Fan":45,"Bronze Scales":24,"Pandora\u0027s Box":17,"Fusion Hammer":34,"WingedGreaves":37,"Art of War":46,"Cracked Core":0,"Symbiotic Virus":8,"Toy Ornithopter":48,"Meat on the Bone":28},{"Pear":4,"Gremlin Horn":14,"Golden Idol":7,"CeramicFish":5,"Oddly Smooth Stone":21,"Runic Capacitor":24,"War Paint":20,"DataDisk":6,"Nunchaku":12,"Ornamental Fan":23,"Bronze Scales":12,"Pandora\u0027s Box":8,"Fusion Hammer":15,"WingedGreaves":18,"Art of War":24,"Cracked Core":0,"Symbiotic Virus":4,"Toy Ornithopter":25,"Meat on the Bone":12},{"Pear":14,"Gremlin Horn":56,"Golden Idol":24,"CeramicFish":17,"Oddly Smooth Stone":90,"Runic Capacitor":111,"War Paint":85,"DataDisk":22,"Nunchaku":48,"Ornamental Fan":106,"Bronze Scales":48,"Pandora\u0027s Box":34,"Fusion Hammer":64,"WingedGreaves":74,"Art of War":111,"Cracked Core":0,"Symbiotic Virus":14,"Toy Ornithopter":118,"Meat on the Bone":48}],"Toy Ornithopter":10,"Meat on the Bone":84},"card_choices":[{"not_picked":["Purity","Flash of Steel"],"picked":"Panacea","floor":0.0},{"not_picked":["Hologram","Gash"],"picked":"Redo","floor":1.0},{"not_picked":["Rebound","Streamline"],"picked":"Creative AI","floor":4.0},{"not_picked":["Aggregate","Barrage"],"picked":"Ball Lightning","floor":5.0},{"not_picked":["Sweeping Beam","Ball Lightning"],"picked":"Glacier","floor":8.0},{"not_picked":["Conserve Battery","Barrage"],"picked":"Biased Cognition","floor":10.0},{"not_picked":["Leap","Go for the Eyes"],"picked":"Turbo","floor":12.0},{"not_picked":["Steam Power","Tempest"],"picked":"Hologram","floor":13.0},{"not_picked":["Buffer","Multi-Cast"],"picked":"Amplify","floor":16.0},{"not_picked":["Fusion","Melter"],"picked":"Undo","floor":18.0},{"not_picked":["Gash","Cold Snap"],"picked":"Undo+1","floor":19.0},{"not_picked":["Rip and Tear","Tempest"],"picked":"Hologram+1","floor":21.0},{"not_picked":["Stack","FTL"],"picked":"Coolheaded","floor":24.0},{"not_picked":["Reinforced Body","Loop"],"picked":"BootSequence","floor":29.0},{"not_picked":["Go for the Eyes","Sweeping Beam","Rebound"],"picked":"SKIP","floor":31.0},{"not_picked":["Biased Cognition","Hyperbeam"],"picked":"Reboot","floor":33.0},{"not_picked":["BootSequence+1","Doom and Gloom","Stack"],"picked":"SKIP","floor":35.0},{"not_picked":["Beam Cell","Reprogram","Darkness"],"picked":"SKIP","floor":36.0},{"not_picked":["Rip and Tear","Cold Snap"],"picked":"Coolheaded","floor":37.0},{"not_picked":["Consume","Gash"],"picked":"Turbo","floor":39.0},{"not_picked":["Steam Power+1","Steam"],"picked":"Aggregate","floor":40.0},{"not_picked":["Stack+1","Barrage","Streamline"],"picked":"SKIP","floor":42.0},{"not_picked":["Capacitor","Go for the Eyes","Aggregate"],"picked":"SKIP","floor":44.0},{"not_picked":["Barrage","Leap+1"],"picked":"Reinforced Body+1","floor":45.0},{"not_picked":["Force Field","Double Energy"],"picked":"Turbo+1","floor":46.0},{"not_picked":["Chill","Self Repair","Sweeping Beam"],"picked":"SKIP","floor":48.0}],"player_experience":1226304,"relics_obtained":[{"floor":8.0,"key":"Symbiotic Virus"},{"floor":9.0,"key":"Pear"},{"floor":10.0,"key":"CeramicFish"},{"floor":12.0,"key":"DataDisk"},{"floor":24.0,"key":"Bronze Scales"},{"floor":26.0,"key":"Nunchaku"},{"floor":31.0,"key":"Gremlin Horn"},{"floor":37.0,"key":"WingedGreaves"},{"floor":40.0,"key":"War Paint"},{"floor":42.0,"key":"Oddly Smooth Stone"},{"floor":45.0,"key":"Ornamental Fan"},{"floor":46.0,"key":"Art of War"},{"floor":48.0,"key":"Toy Ornithopter"}],"event_choices":[{"damage_healed":0.0,"max_hp_gain":0.0,"max_hp_loss":0.0,"gold_gain":0.0,"event_name":"Liars Game","player_choice":"Ignored","floor":3.0,"gold_loss":0.0,"damage_taken":0.0},{"damage_healed":0.0,"max_hp_gain":0.0,"max_hp_loss":0.0,"gold_gain":75.0,"event_name":"World of Goop","player_choice":"Gather Gold","floor":7.0,"gold_loss":0.0,"damage_taken":11.0},{"damage_healed":0.0,"max_hp_gain":0.0,"max_hp_loss":8.0,"gold_gain":0.0,"event_name":"Golden Idol","player_choice":"Lose Max HP","floor":14.0,"gold_loss":0.0,"damage_taken":0.0,"relics_obtained":["Golden Idol"]},{"cards_removed":["Thunder Strike"],"damage_healed":0.0,"max_hp_gain":0.0,"max_hp_loss":0.0,"gold_gain":0.0,"event_name":"Back to Basics","player_choice":"Elegance","floor":20.0,"gold_loss":0.0,"damage_taken":0.0},{"damage_healed":0.0,"max_hp_gain":0.0,"max_hp_loss":0.0,"gold_gain":0.0,"event_name":"Mysterious Sphere","player_choice":"Fight","floor":37.0,"gold_loss":0.0,"damage_taken":0.0},{"damage_healed":0.0,"max_hp_gain":0.0,"max_hp_loss":0.0,"gold_gain":0.0,"event_name":"The Woman in Blue","player_choice":"Bought 1 Potion","floor":38.0,"gold_loss":0.0,"damage_taken":0.0}],"is_beta":false,"boss_relics":[{"not_picked":["SlaversCollar","Empty Cage"],"picked":"Pandora\u0027s Box"},{"not_picked":["Inserter","FrozenCore"],"picked":"Fusion Hammer"}],"items_purged_floors":[47],"is_endless":false,"potions_floor_spawned":[1,5,10,12,16,31,33,35,36,42,44,48],"killed_by":"Awakened One","ascension_level":20}