{"gold_per_floor":[365,380,29,29,46,74,74,107,131,131,23,23,39,73,73,144,144,162,62,242,242,252,252,279,279],"floor_reached":25,"playtime":1349,"items_purged":["Regret","Defend_B"],"score":474,"play_id":"0347d1b2-4105-47e0-9550-033f639affe5","local_time":"20220927223418","is_ascension_mode":true,"campfire_choices":[{"data":"Lockon","floor":7.0,"key":"SMITH"},{"data":"Defragment","floor":10.0,"key":"SMITH"},{"data":"Coolheaded","floor":15.0,"key":"SMITH"},{"data":"Redo","floor":23,"key":"SMITH"}],"neow_cost":"CURSE","seed_source_timestamp":0,"circlet_count":0,"master_deck":["AscendersBane","Strike_B","Strike_B","Defend_B","Defend_B","Zap","Dualcast","Chill","Lockon+1","Ball Lightning","Compile Driver","Defragment+1","Coolheaded+1","Turbo","Self Repair","Glacier","Biased Cognition","Redo+1","Flash of Steel","All For One","Reinforced Body","Buffer"],"special_seed":0,"relics":["Cracked Core","Cables","Vajra","Juzu Bracelet","Lantern","Turnip","Coffee Dripper","Symbiotic Virus"],"potions_floor_usage":[],"damage_taken":[{"damage":3.0,"enemies":"Cultist","floor":1.0,"turns":3.0},{"damage":9.0,"enemies":"Jaw Worm","floor":2.0,"turns":4.0},{"damage":0.0,"enemies":"Small Slimes","floor":5.0,"turns":3.0},{"damage":11.0,"enemies":"Gremlin Nob","floor":6.0,"turns":3.0},{"damage":9.0,"enemies":"3 Sentries","floor":8.0,"turns":6.0},{"damage":4.0,"enemies":"2 Fungi Beasts","floor":13.0,"turns":2.0},{"damage":6.0,"enemies":"Lagavulin","floor":14.0,"turns":3.0},{"damage":17.0,"enemies":"Slime Boss","floor":16.0,"turns":13.0},{"damage":21.0,"enemies":"Shell Parasite","floor":18.0,"turns":2.0},{"damage":1.0,"enemies":"2 Thieves","floor":22.0,"turns":4.0},{"damage":19,"enemies":"Book of Stabbing","floor":24,"turns":5},{"damage":9,"enemies":"Centurion and Healer","floor":25,"turns":1}],"seed_played":"2729058643641710828","potions_obtained":[{"floor":2.0,"key":"DuplicationPotion"},{"floor":8.0,"key":"SpeedPotion"},{"floor":16.0,"key":"Strength Potion"}],"is_trial":false,"path_per_floor":["M","M","$","?","M","E","R","E","T","R","$","?","M","E","R","B",null,"M","$","?","?","M","R","E","M"],"character_chosen":"DEFECT","items_purchased":["Cables","Coolheaded","Turbo"],"campfire_rested":0,"item_purchase_floors":[3,11,11],"current_hp_per_floor":[61,52,52,52,52,41,41,32,32,32,32,55,51,45,45,28,60,39,39,14,14,20,20,8,0],"gold":279,"neow_bonus":"TWO_FIFTY_GOLD","is_prod":false,"is_daily":false,"chose_seed":false,"campfire_upgraded":4,"win_rate":0,"timestamp":1664343258,"path_taken":["M","?","$","?","M","E","R","E","T","R","$","?","M","E","R","BOSS","M","$","?","?","M","R","E","M"],"build_version":"2022-03-07","purchased_purges":2,"victory":false,"max_hp_per_floor":[71,71,71,71,71,71,71,71,71,71,71,71,71,71,71,71,71,71,71,71,71,71,71,71,71],"relic_stats":{"counters":[12,49],"Turnip":[5],"Juzu Bracelet":2,"obtain_stats":[{"Lantern":9,"Vajra":6,"Turnip":14,"Juzu Bracelet":8,"Coffee Dripper":17,"Cracked Core":0,"Symbiotic Virus":24,"Cables":3},{"Lantern":5,"Vajra":4,"Turnip":7,"Juzu Bracelet":5,"Coffee Dripper":8,"Cracked Core":0,"Symbiotic Virus":11,"Cables":2},{"Lantern":19,"Vajra":13,"Turnip":24,"Juzu Bracelet":19,"Coffee Dripper":37,"Cracked Core":0,"Symbiotic Virus":48,"Cables":7}],"Cables":[34,17,17,0,0]},"card_choices":[{"not_picked":["Auto Shields","Turbo"],"picked":"Chill","floor":1.0},{"not_picked":["Tempest","Redo"],"picked":"Lockon","floor":2.0},{"not_picked":["Steam","White Noise"],"picked":"Ball Lightning","floor":5.0},{"not_picked":["Scrape","Blizzard"],"picked":"Compile Driver","floor":6.0},{"not_picked":["Sweeping Beam","Reinforced Body"],"picked":"Defragment","floor":8.0},{"not_picked":["Sweeping Beam","Double Energy"],"picked":"Self Repair","floor":13.0},{"not_picked":["Leap","Go for the Eyes"],"picked":"Glacier","floor":14.0},{"not_picked":["Meteor Strike","Hyperbeam"],"picked":"Biased Cognition","floor":16.0},{"not_picked":["Beam Cell","Glacier"],"picked":"Redo","floor":18.0},{"not_picked":["Self Repair","Leap+1","Redo"],"picked":"SKIP","floor":22},{"not_picked":["Storm","Hologram"],"picked":"Buffer","floor":24}],"player_experience":1231557,"relics_obtained":[{"floor":6.0,"key":"Vajra"},{"floor":8.0,"key":"Juzu Bracelet"},{"floor":9.0,"key":"Lantern"},{"floor":14.0,"key":"Turnip"},{"floor":24,"key":"Symbiotic Virus"}],"event_choices":[{"cards_removed":["Strike_B"],"damage_healed":0.0,"max_hp_gain":0.0,"max_hp_loss":0.0,"gold_gain":0.0,"event_name":"Purifier","player_choice":"Purged","floor":4.0,"gold_loss":0.0,"damage_taken":0.0},{"damage_healed":23.0,"max_hp_gain":0.0,"max_hp_loss":0.0,"gold_gain":0.0,"event_name":"Big Fish","player_choice":"Banana","floor":12.0,"gold_loss":0.0,"damage_taken":0.0},{"damage_healed":0.0,"max_hp_gain":0.0,"max_hp_loss":0.0,"gold_gain":180.0,"event_name":"Knowing Skull","player_choice":"GOLD CARD GOLD ","floor":20.0,"potions_obtained":[],"gold_loss":0.0,"damage_taken":25.0,"cards_obtained":["Flash of Steel"]},{"damage_healed":0.0,"max_hp_gain":0.0,"max_hp_loss":0.0,"gold_gain":0.0,"cards_transformed":["Strike_B","Defend_B"],"event_name":"Drug Dealer","player_choice":"Became Test Subject","floor":21.0,"gold_loss":0.0,"damage_taken":0.0,"cards_obtained":["All For One","Reinforced Body"]}],"is_beta":false,"boss_relics":[{"not_picked":["Velvet Choker","Nuclear Battery"],"picked":"Coffee Dripper"}],"items_purged_floors":[3,19],"is_endless":false,"potions_floor_spawned":[2,8,14,16],"killed_by":"Centurion and Healer","ascension_level":20}