{"gold_per_floor":[111,111,128,148,165,165,191,208,231,231,266,266,28,60,60,139,139,149,149,149,49,68,100,113,113,113,128,144,144,169,198,210,299,311,334,621,645,489,509,535,39,70,70,95,105,105,138,138,138,138,138,138,138,52,86,86],"floor_reached":57,"playtime":5648,"items_purged":["Strike_B","Strike_B+1"],"score":2900,"play_id":"c0a94c9b-a6ec-4b84-8f95-1b463e4db27b","local_time":"20221009080128","is_ascension_mode":true,"campfire_choices":[{"data":"Consume","floor":6.0,"key":"SMITH"},{"data":"Sweeping Beam","floor":10.0,"key":"SMITH"},{"data":"Zap","floor":12.0,"key":"SMITH"},{"data":"Skim","floor":15.0,"key":"SMITH"},{"floor":25.0,"key":"DIG"},{"floor":29.0,"key":"DIG"},{"data":"Defragment","floor":32.0,"key":"SMITH"},{"floor":46.0,"key":"DIG"},{"floor":49.0,"key":"RECALL"},{"floor":53.0,"key":"DIG"}],"neow_cost":"NONE","seed_source_timestamp":0,"circlet_count":0,"master_deck":["AscendersBane","Strike_B+1","Defend_B+1","Defend_B+1","Defend_B+1","Defend_B+1","Zap+1","Dualcast","Sweeping Beam+1","Go for the Eyes","Melter","Consume+1","Genetic Algorithm","Skim+1","Turbo","Electrodynamics","Skim","Loop","Turbo","Rainbow","Defragment+1","Self Repair","Glacier","Conserve Battery+1","Defragment","Creative AI","Genetic Algorithm","Lockon+1","Echo Form","Hologram","Aggregate+1","Capacitor","Buffer"],"special_seed":0,"relics":["Cracked Core","Bottled Lightning","MealTicket","Anchor","Omamori","Calling Bell","Vajra","Sundial","Shovel","Bird Faced Urn","Happy Flower","StoneCalendar","MawBank","Fusion Hammer","DollysMirror","Molten Egg 2","DataDisk","Bag of Preparation","Medical Kit","Gremlin Horn","Pantograph","TungstenRod","Strawberry","Toy Ornithopter","Pear","Incense Burner"],"potions_floor_usage":[],"damage_taken":[{"damage":0.0,"enemies":"Small Slimes","floor":1.0,"turns":2.0},{"damage":2.0,"enemies":"Jaw Worm","floor":3.0,"turns":3.0},{"damage":0.0,"enemies":"Cultist","floor":4.0,"turns":3.0},{"damage":2.0,"enemies":"Exordium Wildlife","floor":5.0,"turns":3.0},{"damage":29.0,"enemies":"Lagavulin","floor":7.0,"turns":8.0},{"damage":8.0,"enemies":"Large Slime","floor":8.0,"turns":9.0},{"damage":7.0,"enemies":"3 Sentries","floor":11.0,"turns":7.0},{"damage":2.0,"enemies":"Gremlin Nob","floor":14.0,"turns":3.0},{"damage":26.0,"enemies":"Hexaghost","floor":16.0,"turns":8.0},{"damage":0.0,"enemies":"3 Byrds","floor":18.0,"turns":2.0},{"damage":8.0,"enemies":"Chosen","floor":22.0,"turns":4.0},{"damage":0.0,"enemies":"Gremlin Leader","floor":23.0,"turns":5.0},{"damage":12.0,"enemies":"Snecko","floor":24.0,"turns":5.0},{"damage":5.0,"enemies":"Chosen and Byrds","floor":27.0,"turns":5.0},{"damage":25.0,"enemies":"Shelled Parasite and Fungi","floor":28.0,"turns":5.0},{"damage":32.0,"enemies":"Book of Stabbing","floor":30.0,"turns":7.0},{"damage":3.0,"enemies":"Snake Plant","floor":31.0,"turns":4.0},{"damage":23.0,"enemies":"Champ","floor":33.0,"turns":12.0},{"damage":4.0,"enemies":"3 Shapes","floor":35.0,"turns":4.0},{"damage":0.0,"enemies":"3 Darklings","floor":37.0,"turns":3.0},{"damage":3.0,"enemies":"4 Shapes","floor":39.0,"turns":6.0},{"damage":6.0,"enemies":"Reptomancer","floor":40.0,"turns":5.0},{"damage":32.0,"enemies":"Giant Head","floor":42.0,"turns":7.0},{"damage":6.0,"enemies":"Mind Bloom Boss Battle","floor":44.0,"turns":5.0},{"damage":0.0,"enemies":"Sphere and 2 Shapes","floor":45.0,"turns":4.0},{"damage":19.0,"enemies":"Reptomancer","floor":47.0,"turns":5.0},{"damage":42.0,"enemies":"Awakened One","floor":50.0,"turns":24.0},{"damage":78.0,"enemies":"Time Eater","floor":51.0,"turns":14.0},{"damage":63.0,"enemies":"Shield and Spear","floor":55.0,"turns":15.0},{"damage":89,"enemies":"The Heart","floor":56,"turns":12}],"seed_played":"141643509081934800","potions_obtained":[{"floor":1.0,"key":"BlessingOfTheForge"},{"floor":3.0,"key":"Energy Potion"},{"floor":11.0,"key":"SpeedPotion"},{"floor":18.0,"key":"ColorlessPotion"},{"floor":27.0,"key":"GamblersBrew"},{"floor":30.0,"key":"EssenceOfDarkness"},{"floor":31.0,"key":"Fruit Juice"},{"floor":33.0,"key":"SpeedPotion"},{"floor":35.0,"key":"Energy Potion"},{"floor":45.0,"key":"LiquidMemories"},{"floor":47.0,"key":"ColorlessPotion"},{"floor":55.0,"key":"ColorlessPotion"}],"is_trial":false,"path_per_floor":["M","?","M","M","M","R","E","M","T","R","E","R","$","E","R","B",null,"M","?","?","$","M","E","M","R","T","M","M","R","E","M","R","B",null,"M","?","M","$","M","E","$","E","T","?","M","R","E","?","R","B","B",null,"R","$","E","B",null],"character_chosen":"DEFECT","items_purchased":["Skim","Loop","DollysMirror","DataDisk","Bag of Preparation","Medical Kit","Capacitor"],"campfire_rested":0,"item_purchase_floors":[13,13,38,41,41,41,54],"current_hp_per_floor":[64,69,67,67,65,65,36,28,28,28,21,21,36,34,34,8,59,59,59,59,74,66,66,60,60,60,70,58,58,41,51,51,50,73,81,81,81,81,81,79,81,56,56,81,81,88,82,82,82,77,41,73,83,94,94,27],"gold":86,"neow_bonus":"TRANSFORM_CARD","is_prod":false,"is_daily":false,"chose_seed":false,"campfire_upgraded":5,"win_rate":0,"timestamp":1665327688,"path_taken":["M","?","M","M","M","R","E","M","T","R","E","R","$","E","R","BOSS","M","?","?","$","M","E","M","R","T","M","M","R","E","M","R","BOSS","M","?","M","$","?","E","$","E","T","?","M","R","E","?","R","BOSS","BOSS","R","$","E","BOSS"],"build_version":"2022-10-04","purchased_purges":2,"victory":true,"max_hp_per_floor":[71,76,76,76,76,76,76,76,76,76,76,76,76,76,76,76,76,76,76,76,76,76,76,76,76,76,76,76,76,76,76,76,81,81,81,81,81,81,81,81,81,81,81,81,81,88,88,84,84,84,84,84,94,94,94,94],"relic_stats":{"Happy Flower":[45],"Gremlin Horn":[12,12],"counters":[30,199],"StoneCalendar":[264],"Omamori":2,"Bag of Preparation":[16],"MawBank":96,"Medical Kit":[17],"Shovel":4,"Sundial":[24],"Bird Faced Urn":[205],"Pantograph":34,"MealTicket":43,"Bottled Lightning":"Skim","obtain_stats":[{"Gremlin Horn":42,"Vajra":17,"StoneCalendar":29,"Bag of Preparation":41,"Incense Burner":55,"Shovel":17,"Sundial":17,"DollysMirror":38,"Pantograph":43,"Strawberry":46,"MealTicket":9,"Fusion Hammer":34,"Cracked Core":0,"Pear":53,"Happy Flower":25,"Omamori":14,"MawBank":30,"Medical Kit":41,"Calling Bell":17,"Anchor":11,"DataDisk":41,"Bird Faced Urn":23,"Molten Egg 2":40,"Bottled Lightning":7,"TungstenRod":44,"Toy Ornithopter":47},{"Gremlin Horn":23,"Vajra":9,"StoneCalendar":15,"Bag of Preparation":22,"Incense Burner":29,"Shovel":9,"Sundial":9,"DollysMirror":20,"Pantograph":23,"Strawberry":25,"MealTicket":6,"Fusion Hammer":18,"Cracked Core":0,"Pear":28,"Happy Flower":13,"Omamori":8,"MawBank":16,"Medical Kit":22,"Calling Bell":9,"Anchor":7,"DataDisk":22,"Bird Faced Urn":12,"Molten Egg 2":22,"Bottled Lightning":5,"TungstenRod":24,"Toy Ornithopter":26},{"Gremlin Horn":120,"Vajra":46,"StoneCalendar":72,"Bag of Preparation":113,"Incense Burner":187,"Shovel":46,"Sundial":46,"DollysMirror":102,"Pantograph":120,"Strawberry":129,"MealTicket":28,"Fusion Hammer":95,"Cracked Core":0,"Pear":172,"Happy Flower":62,"Omamori":38,"MawBank":79,"Medical Kit":113,"Calling Bell":46,"Anchor":35,"DataDisk":113,"Bird Faced Urn":57,"Molten Egg 2":113,"Bottled Lightning":19,"TungstenRod":125,"Toy Ornithopter":134}],"TungstenRod":65,"Toy Ornithopter":0},"card_choices":[{"not_picked":["Aggregate","Barrage"],"picked":"Go for the Eyes","floor":1.0},{"not_picked":["Hello World","Redo"],"picked":"Melter","floor":3.0},{"not_picked":["Gash","Heatsinks"],"picked":"Consume","floor":4.0},{"not_picked":["Coolheaded","Stack"],"picked":"Genetic Algorithm","floor":5.0},{"not_picked":["Steam","White Noise"],"picked":"Skim","floor":7.0},{"not_picked":["Aggregate","Leap"],"picked":"Turbo","floor":8.0},{"not_picked":["Heatsinks","Blizzard"],"picked":"Electrodynamics","floor":11.0},{"not_picked":["Conserve Battery","Chaos"],"picked":"Turbo","floor":14.0},{"not_picked":["Reboot","Thunder Strike"],"picked":"Rainbow","floor":16.0},{"not_picked":["Compile Driver","Steam","Turbo"],"picked":"SKIP","floor":18.0},{"not_picked":["Streamline","Cold Snap+1"],"picked":"Defragment","floor":22.0},{"not_picked":["Force Field","Steam","Barrage"],"picked":"SKIP","floor":23.0},{"not_picked":["Ball Lightning","Steam+1"],"picked":"Self Repair","floor":24.0},{"not_picked":["Compile Driver","Recycle+1","Streamline"],"picked":"SKIP","floor":27.0},{"not_picked":["Multi-Cast","Streamline"],"picked":"Glacier","floor":28.0},{"not_picked":["Rebound","Hello World"],"picked":"Conserve Battery+1","floor":30.0},{"not_picked":["Stack","Steam+1"],"picked":"Defragment","floor":31.0},{"not_picked":["Amplify","Buffer"],"picked":"Creative AI","floor":33.0},{"not_picked":["Sweeping Beam+1","Leap","Turbo"],"picked":"SKIP","floor":35.0},{"not_picked":["Reprogram+1","Steam","Rip and Tear"],"picked":"SKIP","floor":37.0},{"not_picked":["Beam Cell","Barrage+1","Reprogram+1"],"picked":"SKIP","floor":39.0},{"not_picked":["Static Discharge","Sunder+1"],"picked":"Lockon+1","floor":40.0},{"not_picked":["Compile Driver+1","Barrage+1"],"picked":"Echo Form","floor":42.0},{"not_picked":["Ball Lightning+1","Barrage+1"],"picked":"Hologram","floor":44.0},{"not_picked":["Lockon+1","Compile Driver+1"],"picked":"Aggregate+1","floor":45.0},{"not_picked":["Gash+1","Rebound+1","Streamline+1"],"picked":"SKIP","floor":47.0},{"not_picked":["Redo","Loop"],"picked":"Buffer","floor":55.0}],"player_experience":1284477,"relics_obtained":[{"floor":7.0,"key":"Bottled Lightning"},{"floor":9.0,"key":"MealTicket"},{"floor":11.0,"key":"Anchor"},{"floor":14.0,"key":"Omamori"},{"floor":17.0,"key":"Vajra"},{"floor":17.0,"key":"Sundial"},{"floor":17.0,"key":"Shovel"},{"floor":23.0,"key":"Bird Faced Urn"},{"floor":25.0,"key":"Happy Flower"},{"floor":29.0,"key":"StoneCalendar"},{"floor":30.0,"key":"MawBank"},{"floor":40.0,"key":"Molten Egg 2"},{"floor":42.0,"key":"Gremlin Horn"},{"floor":43.0,"key":"Pantograph"},{"floor":44.0,"key":"TungstenRod"},{"floor":46.0,"key":"Strawberry"},{"floor":47.0,"key":"Toy Ornithopter"},{"floor":53.0,"key":"Pear"},{"floor":55.0,"key":"Incense Burner"}],"event_choices":[{"damage_healed":0.0,"max_hp_gain":5.0,"max_hp_loss":0.0,"gold_gain":0.0,"event_name":"Big Fish","player_choice":"Donut","floor":2.0,"gold_loss":0.0,"damage_taken":0.0},{"damage_healed":0.0,"max_hp_gain":0.0,"max_hp_loss":0.0,"gold_gain":0.0,"event_name":"Vampires","player_choice":"Ignored","floor":19.0,"gold_loss":0.0,"damage_taken":0.0},{"damage_healed":0.0,"max_hp_gain":0.0,"max_hp_loss":0.0,"gold_gain":0.0,"event_name":"Back to Basics","player_choice":"Simplicity","floor":20.0,"gold_loss":0.0,"damage_taken":0.0,"cards_upgraded":["Strike_B","Strike_B","Defend_B","Defend_B","Defend_B","Defend_B"]},{"damage_healed":0.0,"max_hp_gain":0.0,"max_hp_loss":0.0,"gold_gain":275.0,"event_name":"Golden Shrine","player_choice":"Desecrate","floor":36.0,"gold_loss":0.0,"damage_taken":0.0,"cards_obtained":["Regret"]},{"damage_healed":0.0,"max_hp_gain":0.0,"max_hp_loss":0.0,"gold_gain":0.0,"event_name":"MindBloom","player_choice":"Fight","floor":44.0,"gold_loss":0.0,"damage_taken":0.0},{"damage_healed":0.0,"max_hp_gain":0.0,"max_hp_loss":4.0,"gold_gain":0.0,"event_name":"Winding Halls","player_choice":"Max HP","floor":48.0,"gold_loss":0.0,"damage_taken":0.0}],"is_beta":false,"boss_relics":[{"not_picked":["Astrolabe","Empty Cage"],"picked":"Calling Bell"},{"not_picked":["Velvet Choker","Philosopher\u0027s Stone"],"picked":"Fusion Hammer"}],"items_purged_floors":[13,21],"is_endless":false,"potions_floor_spawned":[1,3,4,8,11,18,27,30,31,33,35,39,42,45,47,55],"ascension_level":20}