{"gold_per_floor":[115,115,126,126,137,137,167,167,167,195,215,228,256,227,227,301,301,312,312,312,312,324,350,350,378,401,401,74,74,90,13,13,92,92,107,0,18,32,32,32,64,64,64,91,91,105,138,138,138,138,138,138,138,50,84,84],"floor_reached":57,"playtime":5489,"items_purged":[],"score":2842,"play_id":"940ff88c-c785-4176-8480-5d4af80c2775","local_time":"20221015012357","is_ascension_mode":true,"campfire_choices":[{"floor":6.0,"key":"RECALL"},{"floor":8.0,"key":"REST"},{"floor":15.0,"key":"REST"},{"floor":24.0,"key":"REST"},{"floor":27.0,"key":"REST"},{"floor":32.0,"key":"REST"},{"floor":40,"key":"REST"},{"floor":42,"key":"REST"},{"floor":45,"key":"REST"},{"floor":49,"key":"REST"},{"floor":53,"key":"REST"}],"neow_cost":"NONE","seed_source_timestamp":0,"circlet_count":0,"master_deck":["AscendersBane","Strike_B","Defend_B","Defend_B","Defend_B","Zap","Dualcast","Coolheaded","Loop","Ball Lightning","Core Surge","Self Repair","Coolheaded","Rainbow+1","Hologram+1","Echo Form","Chill+1","Barrage+1","BootSequence+1","Compile Driver","Glacier","Core Surge","Undo","Capacitor","Biased Cognition","Aggregate","Flash of Steel","Secret Weapon","Reinforced Body","Turbo","Madness+1","Madness+1","Fission+1","Glacier+1"],"special_seed":0,"relics":["Fusion Hammer","Bottled Tornado","Bag of Preparation","Ice Cream","Astrolabe","Enchiridion","MutagenicStrength","Pen Nib","DataDisk","War Paint","PreservedInsect","Bronze Scales","Runic Pyramid","Red Mask","Blood Vial","Eternal Feather","Symbiotic Virus","Toxic Egg 2","Pantograph"],"potions_floor_usage":[56,56],"damage_taken":[{"damage":2.0,"enemies":"Jaw Worm","floor":1.0,"turns":3.0},{"damage":0.0,"enemies":"Cultist","floor":3.0,"turns":4.0},{"damage":0.0,"enemies":"2 Louse","floor":5.0,"turns":4.0},{"damage":20.0,"enemies":"Lagavulin","floor":7.0,"turns":6.0},{"damage":54.0,"enemies":"Gremlin Nob","floor":10.0,"turns":5.0},{"damage":2.0,"enemies":"2 Fungi Beasts","floor":11.0,"turns":4.0},{"damage":5.0,"enemies":"Large Slime","floor":12.0,"turns":6.0},{"damage":11.0,"enemies":"3 Sentries","floor":13.0,"turns":6.0},{"damage":11.0,"enemies":"Exordium Thugs","floor":14.0,"turns":5.0},{"damage":12.0,"enemies":"The Guardian","floor":16.0,"turns":11.0},{"damage":23.0,"enemies":"2 Thieves","floor":18.0,"turns":5.0},{"damage":9.0,"enemies":"Shell Parasite","floor":22.0,"turns":4.0},{"damage":11.0,"enemies":"Slavers","floor":23.0,"turns":7.0},{"damage":29.0,"enemies":"Book of Stabbing","floor":25.0,"turns":7.0},{"damage":0.0,"enemies":"3 Cultists","floor":30.0,"turns":4.0},{"damage":4.0,"enemies":"Champ","floor":33.0,"turns":10.0},{"damage":1,"enemies":"3 Darklings","floor":35,"turns":5},{"damage":4,"enemies":"3 Shapes","floor":37,"turns":8},{"damage":0,"enemies":"Sphere and 2 Shapes","floor":38,"turns":5},{"damage":0,"enemies":"Nemesis","floor":41,"turns":5},{"damage":0,"enemies":"Giant Head","floor":44,"turns":7},{"damage":0,"enemies":"Maw","floor":46,"turns":5},{"damage":10,"enemies":"Reptomancer","floor":47,"turns":6},{"damage":13,"enemies":"Donu and Deca","floor":50,"turns":9},{"damage":25,"enemies":"Time Eater","floor":51,"turns":12},{"damage":2,"enemies":"Shield and Spear","floor":55,"turns":5},{"damage":60,"enemies":"The Heart","floor":56,"turns":12}],"seed_played":"-3496704236617229592","potions_obtained":[{"floor":10.0,"key":"DistilledChaos"},{"floor":11.0,"key":"SkillPotion"},{"floor":14.0,"key":"FocusPotion"},{"floor":16.0,"key":"Dexterity Potion"},{"floor":23.0,"key":"Dexterity Potion"},{"floor":25.0,"key":"AttackPotion"},{"floor":30.0,"key":"FearPotion"},{"floor":35,"key":"Dexterity Potion"},{"floor":44,"key":"PotionOfCapacity"}],"is_trial":false,"path_per_floor":["M","?","M","?","M","R","E","R","T","E","M","M","E","M","R","B",null,"M","?","?","?","M","E","R","E","T","R","$","?","M","$","R","B",null,"M","?","M","M","?","R","E","R","T","E","R","M","E","?","R","B","B",null,"R","$","E","B",null],"character_chosen":"DEFECT","items_purchased":["PreservedInsect","Bronze Scales","Capacitor","Fission+1"],"campfire_rested":10,"item_purchase_floors":[28,28,31,54],"current_hp_per_floor":[62,62,62,62,62,62,42,63,63,9,14,16,12,8,29,24,59,43,22,22,22,20,9,30,1,1,22,22,22,29,29,50,60,68,71,71,71,71,61,71,71,71,71,71,71,71,68,55,71,71,60,68,71,71,71,18],"gold":84,"neow_bonus":"BOSS_RELIC","is_prod":false,"is_daily":false,"chose_seed":false,"campfire_upgraded":0,"win_rate":0,"timestamp":1665822237,"path_taken":["M","?","M","?","M","R","E","R","T","E","M","?","E","M","R","BOSS","M","?","?","?","M","E","R","E","T","R","$","?","M","$","R","BOSS","M","?","M","M","?","R","E","R","T","E","R","?","E","?","R","BOSS","BOSS","R","$","E","BOSS"],"build_version":"2022-10-04","purchased_purges":0,"victory":true,"max_hp_per_floor":[71,71,71,71,71,71,71,71,71,71,71,71,71,71,71,71,71,71,71,71,71,71,71,71,71,71,71,71,71,71,71,71,71,71,71,71,71,71,71,71,71,71,71,71,71,71,71,71,71,71,71,71,71,71,71,71],"relic_stats":{"Ice Cream":[133],"counters":[27,169],"Astrolabe":["Chill","Barrage","BootSequence"],"Eternal Feather":19,"Pen Nib":[12],"PreservedInsect":316,"Bag of Preparation":[44],"Bottled Tornado":"Loop","War Paint":["Hologram","Rainbow"],"Blood Vial":0,"Bronze Scales":[383],"Pantograph":0,"obtain_stats":[{"Ice Cream":13,"Astrolabe":17,"Enchiridion":19,"Eternal Feather":43,"Pen Nib":23,"PreservedInsect":28,"Bag of Preparation":10,"Bottled Tornado":7,"War Paint":26,"Blood Vial":41,"DataDisk":25,"MutagenicStrength":20,"Bronze Scales":28,"Pantograph":55,"Fusion Hammer":0,"Red Mask":36,"Toxic Egg 2":47,"Cracked Core":0,"Symbiotic Virus":44,"Runic Pyramid":34},{"Ice Cream":8,"Astrolabe":10,"Enchiridion":11,"Eternal Feather":20,"Pen Nib":13,"PreservedInsect":14,"Bag of Preparation":5,"Bottled Tornado":4,"War Paint":14,"Blood Vial":20,"DataDisk":14,"MutagenicStrength":11,"Bronze Scales":14,"Pantograph":26,"Fusion Hammer":0,"Red Mask":17,"Toxic Egg 2":23,"Cracked Core":0,"Symbiotic Virus":21,"Runic Pyramid":16},{"Ice Cream":38,"Astrolabe":54,"Enchiridion":59,"Eternal Feather":114,"Pen Nib":70,"PreservedInsect":77,"Bag of Preparation":22,"Bottled Tornado":17,"War Paint":77,"Blood Vial":114,"DataDisk":77,"MutagenicStrength":59,"Bronze Scales":77,"Pantograph":158,"Fusion Hammer":0,"Red Mask":96,"Toxic Egg 2":132,"Cracked Core":0,"Symbiotic Virus":121,"Runic Pyramid":91}]},"card_choices":[{"not_picked":["Go for the Eyes","Reprogram"],"picked":"Coolheaded","floor":1.0},{"not_picked":["Hologram","Conserve Battery"],"picked":"Loop","floor":3.0},{"not_picked":["Sweeping Beam","Beam Cell"],"picked":"Ball Lightning","floor":5.0},{"not_picked":["Loop","Compile Driver"],"picked":"Core Surge","floor":7.0},{"not_picked":["Rebound","Cold Snap"],"picked":"Self Repair","floor":10.0},{"not_picked":["Double Energy","Turbo"],"picked":"Coolheaded","floor":11.0},{"not_picked":["Steam","Turbo"],"picked":"Rainbow","floor":12.0},{"not_picked":["Redo","All For One","Conserve Battery"],"picked":"SKIP","floor":13.0},{"not_picked":["Ball Lightning","Turbo"],"picked":"Hologram","floor":14.0},{"not_picked":["Core Surge","Rainbow"],"picked":"Echo Form","floor":16.0},{"not_picked":["Barrage+1","Go for the Eyes"],"picked":"Compile Driver","floor":18.0},{"not_picked":["Rebound","Compile Driver","Turbo"],"picked":"SKIP","floor":22.0},{"not_picked":["Steam","Undo"],"picked":"Glacier","floor":23.0},{"not_picked":["Cold Snap","BootSequence+1"],"picked":"Core Surge","floor":25.0},{"not_picked":["Darkness","Lockon"],"picked":"Undo","floor":30.0},{"not_picked":["Electrodynamics","Echo Form"],"picked":"Biased Cognition","floor":33.0},{"not_picked":["Streamline","Barrage"],"picked":"Aggregate","floor":35},{"not_picked":["Beam Cell","Auto Shields","Blizzard"],"picked":"SKIP","floor":37},{"not_picked":["Rebound","Coolheaded","Gash"],"picked":"SKIP","floor":38},{"not_picked":["Magnetism","Purity"],"picked":"Flash of Steel","floor":39},{"not_picked":["Madness","Magnetism"],"picked":"Secret Weapon","floor":39},{"not_picked":["Fission","Skim","Self Repair+1"],"picked":"SKIP","floor":41},{"not_picked":["Static Discharge","Cold Snap"],"picked":"Reinforced Body","floor":44},{"not_picked":["Consume+1","Rip and Tear"],"picked":"Turbo","floor":46},{"not_picked":["Barrage+1","FTL","Cold Snap"],"picked":"SKIP","floor":47},{"not_picked":["Leap+1","Streamline"],"picked":"Glacier+1","floor":55}],"player_experience":1304515,"relics_obtained":[{"floor":7.0,"key":"Bottled Tornado"},{"floor":10.0,"key":"Bag of Preparation"},{"floor":13.0,"key":"Ice Cream"},{"floor":19.0,"key":"Enchiridion"},{"floor":23.0,"key":"Pen Nib"},{"floor":25.0,"key":"DataDisk"},{"floor":26.0,"key":"War Paint"},{"floor":41,"key":"Blood Vial"},{"floor":43,"key":"Eternal Feather"},{"floor":44,"key":"Symbiotic Virus"},{"floor":47,"key":"Toxic Egg 2"},{"floor":55,"key":"Pantograph"}],"event_choices":[{"damage_healed":0.0,"max_hp_gain":0.0,"max_hp_loss":0.0,"gold_gain":0.0,"event_name":"Liars Game","player_choice":"Ignored","floor":2.0,"gold_loss":0.0,"damage_taken":0.0},{"cards_removed":["Strike_B"],"damage_healed":0.0,"max_hp_gain":0.0,"max_hp_loss":0.0,"gold_gain":0.0,"event_name":"Purifier","player_choice":"Purged","floor":4.0,"gold_loss":0.0,"damage_taken":0.0},{"damage_healed":0.0,"max_hp_gain":0.0,"max_hp_loss":0.0,"gold_gain":0.0,"event_name":"Cursed Tome","player_choice":"Obtained Book","floor":19.0,"gold_loss":0.0,"damage_taken":21.0},{"damage_healed":0.0,"max_hp_gain":0.0,"max_hp_loss":0.0,"gold_gain":0.0,"event_name":"Drug Dealer","player_choice":"Inject Mutagens","floor":20.0,"gold_loss":0.0,"damage_taken":0.0,"relics_obtained":["MutagenicStrength"]},{"damage_healed":0.0,"max_hp_gain":0.0,"max_hp_loss":0.0,"gold_gain":0.0,"event_name":"The Mausoleum","player_choice":"Ignored","floor":21.0,"gold_loss":0.0,"damage_taken":0.0},{"damage_healed":0.0,"max_hp_gain":0.0,"max_hp_loss":0.0,"gold_gain":0.0,"event_name":"Ghosts","player_choice":"Ignored","floor":29.0,"gold_loss":0.0,"damage_taken":0.0},{"damage_healed":0,"gold_gain":0,"player_choice":"Paid","damage_taken":0,"relics_obtained":["Red Mask"],"max_hp_gain":0,"max_hp_loss":0,"event_name":"Tomb of Lord Red Mask","floor":36,"gold_loss":107},{"damage_healed":0,"gold_gain":0,"player_choice":"Memory 3","damage_taken":10,"max_hp_gain":0,"max_hp_loss":0,"event_name":"SensoryStone","floor":39,"gold_loss":0},{"damage_healed":0,"gold_gain":0,"player_choice":"Embrace Madness","damage_taken":13,"max_hp_gain":0,"max_hp_loss":0,"event_name":"Winding Halls","floor":48,"gold_loss":0,"cards_obtained":["Madness","Madness"]}],"is_beta":false,"boss_relics":[{"not_picked":["Cursed Key","Runic Dome"],"picked":"Astrolabe"},{"not_picked":["Empty Cage","Calling Bell"],"picked":"Runic Pyramid"}],"items_purged_floors":[],"is_endless":false,"potions_floor_spawned":[10,11,14,16,23,25,30,35,38,44],"ascension_level":20}