{"gold_per_floor":[111,128,138,27,43,75,86,103,156,156,156,190,205,231,231,303,303,313,323,61,71,101,101,144,153,178,178,205,229,273,29,29,112,112,140,164,183,205,233,260,260,297,297,323,340,92,92,92,92,92,92,92,92,23,65,65],"floor_reached":56,"playtime":5389,"items_purged":["Strike_B+1"],"score":2007,"play_id":"74e9f87c-5746-4403-a8da-28a91cade559","local_time":"20221017211116","is_ascension_mode":true,"campfire_choices":[{"floor":10.0,"key":"REST"},{"data":"Dualcast","floor":15.0,"key":"SMITH"},{"data":"Seek","floor":23.0,"key":"SMITH"},{"data":"Consume","floor":32.0,"key":"SMITH"},{"floor":41.0,"key":"REST"},{"floor":47.0,"key":"RECALL"},{"floor":49.0,"key":"REST"},{"floor":53.0,"key":"REST"}],"neow_cost":"NONE","seed_source_timestamp":0,"circlet_count":0,"master_deck":["AscendersBane","Strike_B+1","Strike_B+1","Strike_B+1","Defend_B+1","Defend_B+1","Defend_B+1","Defend_B+1","Zap","Dualcast+1","Streamline","Beam Cell","Scrape","Rebound","Steam","Scrape","Electrodynamics","Machine Learning","Go for the Eyes","Doom and Gloom","Creative AI","Redo","Seek+1","Cold Snap","Chill","RitualDagger","Core Surge","Echo Form","Consume+1","Rainbow","Double Energy","Hologram","Redo+1","Defragment","Turbo","BootSequence","Hologram+1","Meteor Strike","Reboot"],"special_seed":0,"relics":["Inserter","CaptainsWheel","PreservedInsect","Happy Flower","Sundial","Runic Pyramid","Meat on the Bone","Red Mask","CeramicFish","Lantern","Blue Candle","Ice Cream","Medical Kit","Fusion Hammer","HornCleat","Turnip","OrangePellets","Gremlin Horn"],"potions_floor_usage":[56],"damage_taken":[{"damage":9.0,"enemies":"2 Louse","floor":1.0,"turns":4.0},{"damage":7.0,"enemies":"Jaw Worm","floor":2.0,"turns":3.0},{"damage":16.0,"enemies":"Small Slimes","floor":3.0,"turns":4.0},{"damage":7.0,"enemies":"2 Fungi Beasts","floor":5.0,"turns":3.0},{"damage":15.0,"enemies":"Lagavulin","floor":6.0,"turns":5.0},{"damage":2.0,"enemies":"Gremlin Gang","floor":7.0,"turns":4.0},{"damage":7.0,"enemies":"3 Louse","floor":8.0,"turns":4.0},{"damage":0.0,"enemies":"3 Sentries","floor":12.0,"turns":2.0},{"damage":6.0,"enemies":"Looter","floor":13.0,"turns":3.0},{"damage":5.0,"enemies":"Gremlin Nob","floor":14.0,"turns":3.0},{"damage":27.0,"enemies":"The Guardian","floor":16.0,"turns":10.0},{"damage":7.0,"enemies":"3 Byrds","floor":18.0,"turns":3.0},{"damage":16.0,"enemies":"Shell Parasite","floor":19.0,"turns":4.0},{"damage":15.0,"enemies":"Sentry and Sphere","floor":21.0,"turns":5.0},{"damage":17.0,"enemies":"Masked Bandits","floor":22.0,"turns":3.0},{"damage":6.0,"enemies":"Gremlin Leader","floor":24.0,"turns":4.0},{"damage":3.0,"enemies":"Book of Stabbing","floor":28.0,"turns":4.0},{"damage":5.0,"enemies":"Shelled Parasite and Fungi","floor":29.0,"turns":6.0},{"damage":12.0,"enemies":"Slavers","floor":30.0,"turns":5.0},{"damage":16.0,"enemies":"Champ","floor":33.0,"turns":9.0},{"damage":0.0,"enemies":"3 Darklings","floor":35.0,"turns":4.0},{"damage":12.0,"enemies":"3 Shapes","floor":36.0,"turns":4.0},{"damage":40.0,"enemies":"Jaw Worm Horde","floor":37.0,"turns":5.0},{"damage":6.0,"enemies":"Sphere and 2 Shapes","floor":38.0,"turns":7.0},{"damage":9.0,"enemies":"3 Darklings","floor":39.0,"turns":4.0},{"damage":15.0,"enemies":"Nemesis","floor":40.0,"turns":7.0},{"damage":7.0,"enemies":"Reptomancer","floor":42.0,"turns":4.0},{"damage":0.0,"enemies":"Maw","floor":44.0,"turns":6.0},{"damage":0.0,"enemies":"Transient","floor":45.0,"turns":6.0},{"damage":22.0,"enemies":"Time Eater","floor":50.0,"turns":9.0},{"damage":25.0,"enemies":"Awakened One","floor":51.0,"turns":16.0},{"damage":38.0,"enemies":"Shield and Spear","floor":55.0,"turns":6.0},{"damage":47,"enemies":"The Heart","floor":56,"turns":8}],"seed_played":"386523320827171820","potions_obtained":[{"floor":2.0,"key":"SpeedPotion"},{"floor":5.0,"key":"SteroidPotion"},{"floor":6.0,"key":"DistilledChaos"},{"floor":7.0,"key":"GamblersBrew"},{"floor":8.0,"key":"Explosive Potion"},{"floor":18.0,"key":"PotionOfCapacity"},{"floor":21.0,"key":"PowerPotion"},{"floor":24.0,"key":"Swift Potion"},{"floor":28.0,"key":"LiquidBronze"},{"floor":38.0,"key":"Energy Potion"},{"floor":39.0,"key":"BlessingOfTheForge"}],"is_trial":false,"path_per_floor":["M","M","M","$","M","E","M","M","T","R","?","E","M","E","R","B",null,"M","M","$","M","?","R","E","?","T","?","E","M","E","$","R","B",null,"M","M","M","M","M","E","R","E","T","M","M","$","R","?","R","B","B",null,"R","$","E","B"],"character_chosen":"DEFECT","items_purchased":["Rebound","FocusPotion","Meat on the Bone","Consume","Medical Kit","OrangePellets","Meteor Strike"],"campfire_rested":4,"item_purchase_floors":[4,4,20,31,31,46,54],"current_hp_per_floor":[55,48,32,32,25,10,8,1,1,22,45,45,39,34,34,7,55,48,32,32,29,24,24,30,24,24,24,33,40,40,40,40,36,62,62,50,22,28,31,28,49,42,42,42,42,42,42,42,63,41,28,60,71,71,45,0],"gold":65,"neow_bonus":"BOSS_RELIC","is_prod":false,"is_daily":false,"chose_seed":false,"campfire_upgraded":3,"win_rate":0,"timestamp":1666066276,"path_taken":["M","M","M","$","M","E","M","M","T","R","?","E","M","E","R","BOSS","M","M","$","M","?","R","E","?","T","?","E","M","E","?","R","BOSS","M","M","M","M","M","E","R","E","T","M","M","$","R","?","R","BOSS","BOSS","R","$","E","BOSS"],"build_version":"2022-10-04","purchased_purges":1,"victory":false,"max_hp_per_floor":[71,71,71,71,71,71,71,71,71,71,71,71,71,71,71,71,71,71,71,71,71,71,71,71,71,71,71,71,71,71,71,71,71,71,71,71,71,71,71,71,71,71,71,71,71,71,71,71,71,71,71,71,71,71,71,71],"relic_stats":{"Ice Cream":[309],"Inserter":[87],"Happy Flower":[48],"Gremlin Horn":[0,0],"counters":[33,174],"CeramicFish":135,"Blue Candle":[0],"PreservedInsect":374,"Medical Kit":[6],"OrangePellets":[4],"Sundial":[8],"Turnip":[9],"obtain_stats":[{"Ice Cream":30,"Lantern":26,"Inserter":0,"Happy Flower":12,"Gremlin Horn":55,"CeramicFish":24,"Blue Candle":28,"PreservedInsect":9,"Medical Kit":31,"OrangePellets":46,"CaptainsWheel":6,"HornCleat":40,"Sundial":14,"Fusion Hammer":34,"Turnip":42,"Red Mask":22,"Cracked Core":0,"Runic Pyramid":17,"Meat on the Bone":20},{"Ice Cream":19,"Lantern":16,"Inserter":0,"Happy Flower":8,"Gremlin Horn":32,"CeramicFish":16,"Blue Candle":17,"PreservedInsect":7,"Medical Kit":19,"OrangePellets":29,"CaptainsWheel":5,"HornCleat":26,"Sundial":10,"Fusion Hammer":20,"Turnip":27,"Red Mask":15,"Cracked Core":0,"Runic Pyramid":11,"Meat on the Bone":13},{"Ice Cream":79,"Lantern":64,"Inserter":0,"Happy Flower":29,"Gremlin Horn":166,"CeramicFish":64,"Blue Candle":68,"PreservedInsect":27,"Medical Kit":79,"OrangePellets":135,"CaptainsWheel":19,"HornCleat":119,"Sundial":35,"Fusion Hammer":88,"Turnip":123,"Red Mask":60,"Cracked Core":0,"Runic Pyramid":45,"Meat on the Bone":52}],"Meat on the Bone":156},"card_choices":[{"not_picked":["Steam","White Noise"],"picked":"Streamline","floor":1.0},{"not_picked":["Compile Driver","Stack"],"picked":"Beam Cell","floor":2.0},{"not_picked":["Gash","Steam"],"picked":"Scrape","floor":3.0},{"not_picked":["Undo","Self Repair"],"picked":"Ball Lightning","floor":5.0},{"not_picked":["Conserve Battery","Gash"],"picked":"Steam","floor":6.0},{"not_picked":["Streamline","Sweeping Beam"],"picked":"Scrape","floor":7.0},{"not_picked":["Chill","Self Repair"],"picked":"Electrodynamics","floor":8.0},{"not_picked":["Recycle","Compile Driver"],"picked":"Machine Learning","floor":12.0},{"not_picked":["Hologram","Beam Cell"],"picked":"Go for the Eyes","floor":13.0},{"not_picked":["Gash","Steam"],"picked":"Doom and Gloom","floor":14.0},{"not_picked":["Meteor Strike","Multi-Cast"],"picked":"Creative AI","floor":16.0},{"not_picked":["Sweeping Beam","Go for the Eyes"],"picked":"Redo","floor":18.0},{"not_picked":["Ball Lightning","Steam Power+1","Doom and Gloom"],"picked":"SKIP","floor":19.0},{"not_picked":["Melter","Barrage"],"picked":"Seek","floor":21.0},{"not_picked":["Barrage","Gash"],"picked":"Cold Snap","floor":22.0},{"not_picked":["Steam","Streamline"],"picked":"Chill","floor":24.0},{"not_picked":["Steam","Redo","Compile Driver"],"picked":"SKIP","floor":28.0},{"not_picked":["Melter","Stack"],"picked":"Core Surge","floor":29.0},{"not_picked":["Hologram","Steam"],"picked":"Echo Form","floor":30.0},{"not_picked":["Machine Learning","Core Surge"],"picked":"Rainbow","floor":33.0},{"not_picked":["Rip and Tear","Ball Lightning"],"picked":"Double Energy","floor":35.0},{"not_picked":["Gash","Go for the Eyes"],"picked":"Hologram","floor":36.0},{"not_picked":["Stack+1","Rebound"],"picked":"Redo+1","floor":37.0},{"not_picked":["Static Discharge+1","Stack"],"picked":"Defragment","floor":38.0},{"not_picked":["Fission","Sweeping Beam"],"picked":"Turbo","floor":39.0},{"not_picked":["Rebound","Cold Snap+1","Capacitor"],"picked":"SKIP","floor":40.0},{"not_picked":["Streamline+1","Steam"],"picked":"BootSequence","floor":42.0},{"not_picked":["Compile Driver+1","Skim"],"picked":"Hologram+1","floor":44.0},{"not_picked":["Compile Driver","Barrage","Hologram"],"picked":"SKIP","floor":45.0},{"not_picked":["Leap","Ball Lightning"],"picked":"Reboot","floor":55.0}],"player_experience":1312069,"relics_obtained":[{"floor":6.0,"key":"CaptainsWheel"},{"floor":9.0,"key":"PreservedInsect"},{"floor":12.0,"key":"Happy Flower"},{"floor":14.0,"key":"Sundial"},{"floor":22.0,"key":"Red Mask"},{"floor":24.0,"key":"CeramicFish"},{"floor":26.0,"key":"Lantern"},{"floor":28.0,"key":"Blue Candle"},{"floor":30.0,"key":"Ice Cream"},{"floor":40.0,"key":"HornCleat"},{"floor":42.0,"key":"Turnip"},{"floor":55.0,"key":"Gremlin Horn"}],"event_choices":[{"damage_healed":23.0,"max_hp_gain":0.0,"max_hp_loss":0.0,"gold_gain":0.0,"event_name":"Big Fish","player_choice":"Banana","floor":11.0,"gold_loss":0.0,"damage_taken":0.0},{"damage_healed":0.0,"max_hp_gain":0.0,"max_hp_loss":0.0,"gold_gain":0.0,"event_name":"Masked Bandits","player_choice":"Fought Bandits","floor":22.0,"gold_loss":0.0,"damage_taken":0.0},{"damage_healed":0.0,"max_hp_gain":0.0,"max_hp_loss":0.0,"gold_gain":0.0,"event_name":"Nest","player_choice":"Joined the Cult","floor":25.0,"gold_loss":0.0,"damage_taken":6.0,"cards_obtained":["RitualDagger"]},{"damage_healed":0.0,"max_hp_gain":0.0,"max_hp_loss":0.0,"gold_gain":0.0,"event_name":"Back to Basics","player_choice":"Simplicity","floor":27.0,"gold_loss":0.0,"damage_taken":0.0,"cards_upgraded":["Strike_B","Strike_B","Strike_B","Strike_B","Defend_B","Defend_B","Defend_B","Defend_B"]},{"cards_removed":["Ball Lightning"],"damage_healed":0.0,"max_hp_gain":0.0,"max_hp_loss":0.0,"gold_gain":0.0,"event_name":"Falling","player_choice":"Removed Attack","floor":48.0,"gold_loss":0.0,"damage_taken":0.0}],"is_beta":false,"boss_relics":[{"not_picked":["Calling Bell","Ectoplasm"],"picked":"Runic Pyramid"},{"not_picked":["SacredBark","Velvet Choker"],"picked":"Fusion Hammer"}],"items_purged_floors":[46],"is_endless":false,"potions_floor_spawned":[2,5,6,7,8,18,21,24,28,30,35,38,39,45],"killed_by":"The Heart","ascension_level":20}