{"gold_per_floor":[119,119,130,140,157,157,182,182,208,279,24,35,35,66,66,145,145,165,175,175,187,199,199,234,234,234,234,263,263,263,279,279,356,356,371,385,385,385,385],"floor_reached":39,"playtime":1813,"items_purged":[],"score":1058,"play_id":"dd087fbb-f1e2-45f2-a767-ad9b1f990392","local_time":"20221122201943","is_ascension_mode":true,"campfire_choices":[{"data":"Darkness","floor":6.0,"key":"SMITH"},{"data":"Buffer","floor":8.0,"key":"SMITH"},{"data":"Beam Cell","floor":13.0,"key":"SMITH"},{"data":"Multi-Cast","floor":15.0,"key":"SMITH"},{"data":"Biased Cognition","floor":23.0,"key":"SMITH"},{"data":"Aggregate","floor":25.0,"key":"SMITH"},{"data":"Creative AI","floor":27.0,"key":"SMITH"},{"data":"Capacitor","floor":30.0,"key":"SMITH"},{"data":"Go for the Eyes","floor":32.0,"key":"SMITH"}],"neow_cost":"NONE","seed_source_timestamp":0,"circlet_count":0,"master_deck":["AscendersBane","Strike_B","Strike_B","Strike_B","Strike_B","Defend_B","Defend_B","Defend_B","Defend_B","Zap","Dualcast","Beam Cell+1","Darkness+1","Ball Lightning","Rebound","Buffer+1","Capacitor+1","Turbo","Multi-Cast+1","Biased Cognition+1","Go for the Eyes+1","Tempest","Capacitor","Aggregate+1","Creative AI+1","Normality","Consume+1","Glacier","Multi-Cast","Darkness","Conserve Battery"],"special_seed":0,"relics":["Cracked Core","Oddly Smooth Stone","Toy Ornithopter","Lantern","Mercury Hourglass","Lee\u0027s Waffle","Regal Pillow","Cursed Key","Eternal Feather","TungstenRod","Black Star"],"potions_floor_usage":[],"damage_taken":[{"damage":2.0,"enemies":"Small Slimes","floor":1.0,"turns":4.0},{"damage":6.0,"enemies":"Jaw Worm","floor":3.0,"turns":4.0},{"damage":0.0,"enemies":"Cultist","floor":4.0,"turns":3.0},{"damage":5.0,"enemies":"Looter","floor":5.0,"turns":3.0},{"damage":20.0,"enemies":"3 Sentries","floor":7.0,"turns":6.0},{"damage":2.0,"enemies":"Large Slime","floor":12.0,"turns":5.0},{"damage":0.0,"enemies":"Gremlin Nob","floor":14.0,"turns":3.0},{"damage":0.0,"enemies":"Slime Boss","floor":16.0,"turns":3.0},{"damage":0.0,"enemies":"Shell Parasite","floor":18.0,"turns":1.0},{"damage":0.0,"enemies":"3 Byrds","floor":19.0,"turns":1.0},{"damage":0.0,"enemies":"Snecko","floor":21.0,"turns":3.0},{"damage":0.0,"enemies":"Centurion and Healer","floor":22.0,"turns":2.0},{"damage":22.0,"enemies":"Slavers","floor":24.0,"turns":3.0},{"damage":0.0,"enemies":"Gremlin Leader","floor":28.0,"turns":3.0},{"damage":33.0,"enemies":"Chosen and Byrds","floor":31.0,"turns":6.0},{"damage":28.0,"enemies":"Collector","floor":33.0,"turns":6.0},{"damage":55.0,"enemies":"3 Darklings","floor":35.0,"turns":8.0},{"damage":11.0,"enemies":"Orb Walker","floor":36.0,"turns":2.0},{"damage":28,"enemies":"Spire Growth","floor":39,"turns":2}],"seed_played":"6716630618881283793","potions_obtained":[{"floor":3.0,"key":"BlessingOfTheForge"},{"floor":5.0,"key":"SteroidPotion"},{"floor":14.0,"key":"SneckoOil"},{"floor":16.0,"key":"DuplicationPotion"},{"floor":22.0,"key":"PowerPotion"},{"floor":31.0,"key":"Strength Potion"},{"floor":35.0,"key":"LiquidBronze"}],"is_trial":false,"path_per_floor":["M","?","M","M","M","R","E","R","T","T","$","M","R","E","R","B",null,"M","M","?","M","M","R","E","R","T","R","E","?","R","M","R","B",null,"M","M","?","?","M"],"character_chosen":"DEFECT","items_purchased":["Capacitor","Lee\u0027s Waffle"],"campfire_rested":0,"item_purchase_floors":[11,11],"current_hp_per_floor":[62,62,56,56,51,51,31,31,31,31,78,76,76,76,76,76,78,78,78,56,56,56,56,39,54,54,69,69,69,83,50,65,42,73,23,12,12,12,0],"gold":385,"neow_bonus":"RANDOM_COMMON_RELIC","is_prod":false,"is_daily":false,"chose_seed":false,"campfire_upgraded":9,"win_rate":0,"timestamp":1669169983,"path_taken":["M","?","M","M","M","R","E","R","T","?","$","M","R","E","R","BOSS","M","M","?","M","M","R","E","R","T","R","E","?","R","M","R","BOSS","M","M","?","?","M"],"build_version":"2022-10-04","purchased_purges":0,"victory":false,"max_hp_per_floor":[71,71,71,71,71,71,71,71,71,71,78,78,78,78,78,78,78,78,78,83,83,83,83,83,83,83,83,83,83,83,83,83,83,83,83,83,83,83,83],"relic_stats":{"Lee\u0027s Waffle":47,"Regal Pillow":0,"counters":[19,67],"Eternal Feather":59,"Black Star":0,"Cursed Key":1,"obtain_stats":[{"Lantern":9,"Lee\u0027s Waffle":11,"Regal Pillow":14,"Oddly Smooth Stone":0,"Eternal Feather":24,"Black Star":34,"Cracked Core":0,"Cursed Key":17,"Toy Ornithopter":7,"TungstenRod":28,"Mercury Hourglass":10},{"Lantern":5,"Lee\u0027s Waffle":5,"Regal Pillow":7,"Oddly Smooth Stone":0,"Eternal Feather":13,"Black Star":16,"Cracked Core":0,"Cursed Key":8,"Toy Ornithopter":5,"TungstenRod":14,"Mercury Hourglass":5},{"Lantern":20,"Lee\u0027s Waffle":20,"Regal Pillow":27,"Oddly Smooth Stone":0,"Eternal Feather":40,"Black Star":55,"Cracked Core":0,"Cursed Key":30,"Toy Ornithopter":20,"TungstenRod":43,"Mercury Hourglass":20}],"Toy Ornithopter":15,"TungstenRod":21,"Mercury Hourglass":[219]},"card_choices":[{"not_picked":["Consume","Redo"],"picked":"Beam Cell","floor":1.0},{"not_picked":["Streamline","Ball Lightning"],"picked":"Darkness","floor":3.0},{"not_picked":["Steam","Hello World"],"picked":"Ball Lightning","floor":4.0},{"not_picked":["Hologram","Steam"],"picked":"Rebound","floor":5.0},{"not_picked":["Fusion","Steam"],"picked":"Buffer","floor":7.0},{"not_picked":["Ball Lightning","Stack"],"picked":"Turbo","floor":12.0},{"not_picked":["Melter","Darkness"],"picked":"Multi-Cast","floor":14.0},{"not_picked":["Meteor Strike","Multi-Cast"],"picked":"Biased Cognition","floor":16.0},{"not_picked":["Barrage","Steam+1"],"picked":"Go for the Eyes","floor":18.0},{"not_picked":["Reprogram+1","Stack"],"picked":"Tempest","floor":19.0},{"not_picked":["Recycle","Auto Shields"],"picked":"Capacitor","floor":21.0},{"not_picked":["Redo","Fusion"],"picked":"Aggregate","floor":22.0},{"not_picked":["Leap","Reprogram+1"],"picked":"Creative AI","floor":24.0},{"not_picked":["Sunder+1","Aggregate"],"picked":"Consume+1","floor":28.0},{"not_picked":["Storm+1","Rip and Tear+1","Sweeping Beam"],"picked":"SKIP","floor":31.0},{"not_picked":["Biased Cognition","Hyperbeam"],"picked":"Multi-Cast","floor":33.0},{"not_picked":["Go for the Eyes","Scrape"],"picked":"Darkness","floor":35.0},{"not_picked":["Stack","Ball Lightning"],"picked":"Conserve Battery","floor":36.0}],"player_experience":1330059,"relics_obtained":[{"floor":7.0,"key":"Toy Ornithopter"},{"floor":9.0,"key":"Lantern"},{"floor":10.0,"key":"Mercury Hourglass"},{"floor":14.0,"key":"Regal Pillow"},{"floor":24.0,"key":"Eternal Feather"},{"floor":28.0,"key":"TungstenRod"}],"event_choices":[{"damage_healed":0.0,"max_hp_gain":0.0,"max_hp_loss":0.0,"gold_gain":0.0,"event_name":"Liars Game","player_choice":"Ignored","floor":2.0,"gold_loss":0.0,"damage_taken":0.0},{"damage_healed":0.0,"max_hp_gain":5.0,"max_hp_loss":0.0,"gold_gain":0.0,"event_name":"Forgotten Altar","player_choice":"Shed Blood","floor":20.0,"gold_loss":0.0,"damage_taken":27.0},{"damage_healed":0.0,"max_hp_gain":0.0,"max_hp_loss":0.0,"gold_gain":0.0,"event_name":"The Library","player_choice":"Read","floor":29.0,"gold_loss":0.0,"damage_taken":0.0,"cards_obtained":["Glacier"]},{"damage_healed":0,"gold_gain":0,"player_choice":"Ignored","damage_taken":0,"max_hp_gain":0,"max_hp_loss":0,"event_name":"Mysterious Sphere","floor":37,"gold_loss":0},{"damage_healed":0,"gold_gain":0,"player_choice":"Ignored","damage_taken":0,"max_hp_gain":0,"max_hp_loss":0,"event_name":"Tomb of Lord Red Mask","floor":38,"gold_loss":0}],"is_beta":false,"boss_relics":[{"not_picked":["Fusion Hammer","Tiny House"],"picked":"Cursed Key"},{"not_picked":["Busted Crown","Philosopher\u0027s Stone"],"picked":"Black Star"}],"items_purged_floors":[],"is_endless":false,"potions_floor_spawned":[3,5,14,16,19,22,31,35],"killed_by":"Spire Growth","ascension_level":20}