{"gold_per_floor":[113,123,143,143,68,68,93,93,168,202,227,261,261,302,302,430,430,454,67,85,106,131,131,131,169,169,169,169,69,105,118,118,239,239,262,285,310,325,89,125,125,146,170,170,189,220,102,102,102,102],"floor_reached":51,"playtime":3730,"items_purged":["Strike_P","Consecrate","Strike_P","Defend_P"],"score":847,"play_id":"29892849-cf0f-4671-86c1-c6770715f29a","local_time":"20200823030931","is_ascension_mode":true,"campfire_choices":[{"data":"TalkToTheHand","floor":6.0,"key":"SMITH"},{"data":"Eruption","floor":8.0,"key":"SMITH"},{"data":"CutThroughFate","floor":13.0,"key":"SMITH"},{"data":"ClearTheMind","floor":15.0,"key":"SMITH"},{"data":"Ragnarok","floor":23.0,"key":"SMITH"},{"data":"Protect","floor":32.0,"key":"SMITH"},{"data":"Vigilance","floor":41,"key":"SMITH"},{"data":"SandsOfTime","floor":44,"key":"SMITH"},{"data":"DevaForm","floor":49,"key":"SMITH"}],"neow_cost":"NONE","seed_source_timestamp":533653644117832,"circlet_count":0,"master_deck":["Strike_P+1","Defend_P","Defend_P","Defend_P","Eruption+1","Vigilance+1","ClearTheMind+1","TalkToTheHand+1","ReachHeaven","CutThroughFate+1","EmptyBody","DevaForm+1","Ragnarok+1","WheelKick+1","Protect+1","DeusExMachina","Omniscience","Worship","Omniscience","SandsOfTime+1"],"special_seed":0,"relics":["HolyWater","Golden Idol","Eternal Feather","Centennial Puzzle","Odd Mushroom","Damaru","Snecko Eye","Whetstone","HandDrill","Kunai","StoneCalendar","Nilry\u0027s Codex","The Courier","Mummified Hand","DollysMirror","Blood Vial","Bag of Preparation","Bag of Marbles","TheAbacus"],"potions_floor_usage":[50],"damage_taken":[{"damage":3.0,"enemies":"Cultist","floor":1.0,"turns":4.0},{"damage":0.0,"enemies":"2 Louse","floor":2.0,"turns":3.0},{"damage":0.0,"enemies":"Small Slimes","floor":3.0,"turns":2.0},{"damage":1.0,"enemies":"Blue Slaver","floor":7.0,"turns":3.0},{"damage":4.0,"enemies":"3 Sentries","floor":10.0,"turns":4.0},{"damage":8.0,"enemies":"Gremlin Gang","floor":11.0,"turns":2.0},{"damage":11.0,"enemies":"The Mushroom Lair","floor":12.0,"turns":4.0},{"damage":0.0,"enemies":"Gremlin Nob","floor":14.0,"turns":2.0},{"damage":0.0,"enemies":"Slime Boss","floor":16.0,"turns":6.0},{"damage":21.0,"enemies":"Spheric Guardian","floor":18.0,"turns":4.0},{"damage":5.0,"enemies":"Shell Parasite","floor":20.0,"turns":3.0},{"damage":0.0,"enemies":"Cultist and Chosen","floor":21.0,"turns":3.0},{"damage":2.0,"enemies":"3 Cultists","floor":22.0,"turns":5.0},{"damage":5.0,"enemies":"Gremlin Leader","floor":25.0,"turns":3.0},{"damage":3.0,"enemies":"Book of Stabbing","floor":30.0,"turns":4.0},{"damage":0.0,"enemies":"Centurion and Healer","floor":31.0,"turns":4.0},{"damage":1.0,"enemies":"Automaton","floor":33.0,"turns":5.0},{"damage":4.0,"enemies":"3 Darklings","floor":35.0,"turns":3.0},{"damage":0.0,"enemies":"Orb Walker","floor":36.0,"turns":2.0},{"damage":0.0,"enemies":"Spire Growth","floor":37.0,"turns":2.0},{"damage":0.0,"enemies":"3 Darklings","floor":38.0,"turns":3.0},{"damage":0,"enemies":"Giant Head","floor":40,"turns":5},{"damage":0,"enemies":"Maw","floor":42,"turns":4},{"damage":0,"enemies":"Jaw Worm Horde","floor":45,"turns":1},{"damage":6,"enemies":"Reptomancer","floor":46,"turns":3},{"damage":45,"enemies":"Time Eater","floor":50,"turns":7}],"seed_played":"-1407747344095147161","potions_obtained":[{"floor":3.0,"key":"Dexterity Potion"},{"floor":7.0,"key":"FearPotion"},{"floor":10.0,"key":"Strength Potion"},{"floor":14.0,"key":"GamblersBrew"},{"floor":18.0,"key":"SkillPotion"},{"floor":20.0,"key":"Weak Potion"},{"floor":31.0,"key":"EssenceOfSteel"},{"floor":33.0,"key":"Fire Potion"},{"floor":37.0,"key":"FearPotion"},{"floor":40,"key":"PowerPotion"}],"is_trial":false,"path_per_floor":["M","M","M","?","$","R","M","R","T","E","M","?","R","E","R","B",null,"M","$","M","M","M","R","?","E","T","?","T","$","E","M","R","B",null,"M","M","M","M","$","E","R","M","T","R","M","E","$","?","R","B",null],"character_chosen":"WATCHER","items_purchased":["Whetstone","HandDrill","DollysMirror","TheAbacus"],"campfire_rested":0,"item_purchase_floors":[19,19,39,47],"current_hp_per_floor":[76,76,76,57,57,57,56,56,56,52,44,33,42,42,51,51,79,58,58,53,53,51,60,60,55,55,39,39,39,36,36,45,44,79,75,75,75,75,75,75,79,79,79,79,79,73,73,73,79,34],"gold":102,"neow_bonus":"TEN_PERCENT_HP_BONUS","is_prod":false,"is_daily":false,"chose_seed":false,"campfire_upgraded":9,"win_rate":0,"timestamp":1598170171,"path_taken":["M","M","M","?","$","R","M","R","T","E","M","?","R","E","R","BOSS","M","$","M","M","M","R","?","E","T","?","?","$","E","M","R","BOSS","M","M","M","?","$","E","R","M","T","R","M","E","$","?","R","BOSS"],"build_version":"2020-07-30","purchased_purges":4,"victory":true,"max_hp_per_floor":[79,79,79,79,79,79,79,79,79,79,79,79,79,79,79,79,79,79,79,79,79,79,79,79,79,79,79,79,79,79,79,79,79,79,79,79,79,79,79,79,79,79,79,79,79,79,79,79,79,79],"card_choices":[{"not_picked":["FlurryOfBlows","EmptyBody"],"picked":"ClearTheMind","floor":1.0},{"not_picked":["Sanctity","EmptyBody"],"picked":"Consecrate","floor":2.0},{"not_picked":["FollowUp","CrushJoints"],"picked":"TalkToTheHand","floor":3.0},{"not_picked":["ThirdEye","FearNoEvil"],"picked":"ReachHeaven","floor":7.0},{"not_picked":["EmptyFist","BowlingBash"],"picked":"CutThroughFate","floor":10.0},{"not_picked":["FlurryOfBlows","EmptyFist"],"picked":"EmptyBody","floor":11.0},{"not_picked":["PathToVictory","FollowUp"],"picked":"DevaForm","floor":14.0},{"not_picked":["Brilliance","DevaForm"],"picked":"Ragnarok","floor":16.0},{"not_picked":["Study+1","ThirdEye+1"],"picked":"WheelKick","floor":18.0},{"not_picked":["Collect","Prostrate+1","Tantrum+1"],"picked":"SKIP","floor":20.0},{"not_picked":["FollowUp","SashWhip+1","EmptyFist"],"picked":"SKIP","floor":21.0},{"not_picked":["FollowUp","SashWhip+1","EmptyFist"],"picked":"SKIP","floor":21.0},{"not_picked":["Prostrate","DeceiveReality+1"],"picked":"Protect","floor":22.0},{"not_picked":["Prostrate","Indignation+1"],"picked":"DeusExMachina","floor":25.0},{"not_picked":["Scrawl","Prostrate","Conclude"],"picked":"SKIP","floor":30.0},{"not_picked":["Perseverance","Prostrate","Pray"],"picked":"SKIP","floor":31.0},{"not_picked":["Judgement","DeusExMachina"],"picked":"Omniscience","floor":33.0},{"not_picked":["WreathOfFlame","SashWhip+1","Evaluate"],"picked":"SKIP","floor":35.0},{"not_picked":["SashWhip","MentalFortress","CrushJoints+1"],"picked":"SKIP","floor":36.0},{"not_picked":["JustLucky","Prostrate","FollowUp+1"],"picked":"SKIP","floor":37.0},{"not_picked":["Prostrate","Protect"],"picked":"Worship","floor":38.0},{"not_picked":["CutThroughFate+1","FollowUp"],"picked":"SandsOfTime","floor":40},{"not_picked":["SignatureMove+1","FlurryOfBlows+1","Protect+1"],"picked":"SKIP","floor":42},{"not_picked":["ForeignInfluence+1","Conclude+1","Tantrum"],"picked":"SKIP","floor":45},{"not_picked":["Pray","BowlingBash+1","Halt+1"],"picked":"SKIP","floor":46}],"player_experience":136379,"relics_obtained":[{"floor":9.0,"key":"Eternal Feather"},{"floor":10.0,"key":"Centennial Puzzle"},{"floor":12.0,"key":"Odd Mushroom"},{"floor":14.0,"key":"Damaru"},{"floor":25.0,"key":"Kunai"},{"floor":26.0,"key":"StoneCalendar"},{"floor":27.0,"key":"Nilry\u0027s Codex"},{"floor":28.0,"key":"The Courier"},{"floor":30.0,"key":"Mummified Hand"},{"floor":40,"key":"Blood Vial"},{"floor":43,"key":"Bag of Preparation"},{"floor":46,"key":"Bag of Marbles"}],"event_choices":[{"damage_healed":0.0,"max_hp_gain":0.0,"max_hp_loss":0.0,"gold_gain":0.0,"event_name":"Golden Idol","player_choice":"Take Damage","floor":4.0,"gold_loss":0.0,"damage_taken":19.0,"relics_obtained":["Golden Idol"]},{"damage_healed":0.0,"max_hp_gain":0.0,"max_hp_loss":0.0,"gold_gain":0.0,"event_name":"Mushrooms","player_choice":"Fought Mushrooms","floor":12.0,"gold_loss":0.0,"damage_taken":0.0},{"cards_removed":["Strike_P"],"damage_healed":0.0,"max_hp_gain":0.0,"max_hp_loss":0.0,"gold_gain":0.0,"event_name":"Back to Basics","player_choice":"Elegance","floor":24.0,"gold_loss":0.0,"damage_taken":0.0},{"damage_healed":0.0,"max_hp_gain":0.0,"max_hp_loss":0.0,"gold_gain":0.0,"event_name":"Cursed Tome","player_choice":"Obtained Book","floor":27.0,"gold_loss":0.0,"damage_taken":16.0},{"damage_healed":0,"gold_gain":0,"player_choice":"Memory 1","damage_taken":0,"max_hp_gain":0,"max_hp_loss":0,"event_name":"SensoryStone","floor":48,"gold_loss":0}],"is_beta":false,"boss_relics":[{"not_picked":["Busted Crown","Astrolabe"],"picked":"Snecko Eye"},{"not_picked":["Pandora\u0027s Box","Runic Pyramid"],"picked":"HolyWater"}],"items_purged_floors":[5,19,29,39],"is_endless":false,"potions_floor_spawned":[3,7,10,14,18,20,31,33,36,37,40,42,46],"ascension_level":1}