{"gold_per_floor":[117,135,135,60,74,74,106,106,175,188,188,188],"floor_reached":12,"playtime":901,"items_purged":["Strike_P"],"score":90,"play_id":"d96a0e95-e3ea-46e9-b95d-468536af3296","local_time":"20200825001124","is_ascension_mode":true,"campfire_choices":[{"data":"Vault","floor":6.0,"key":"SMITH"},{"data":"Devotion","floor":8.0,"key":"SMITH"},{"data":"Eruption","floor":11,"key":"SMITH"}],"neow_cost":"NONE","seed_source_timestamp":644235825127284,"circlet_count":0,"master_deck":["Strike_P","Strike_P","Defend_P","Defend_P","Defend_P","Defend_P","Eruption+1","Vigilance","CutThroughFate","Vault+1","EmptyFist","Devotion+1","Halt+1"],"special_seed":0,"relics":["PureWater","Boot","Toxic Egg 2"],"potions_floor_usage":[],"damage_taken":[{"damage":0.0,"enemies":"Jaw Worm","floor":1.0,"turns":3.0},{"damage":4.0,"enemies":"2 Louse","floor":2.0,"turns":4.0},{"damage":0.0,"enemies":"Cultist","floor":5.0,"turns":2.0},{"damage":37.0,"enemies":"3 Sentries","floor":7.0,"turns":13.0},{"damage":1,"enemies":"Looter","floor":10,"turns":5},{"damage":27,"enemies":"Gremlin Nob","floor":12,"turns":5}],"seed_played":"-1993571016830988032","potions_obtained":[{"floor":5.0,"key":"Strength Potion"}],"is_trial":false,"path_per_floor":["M","M","?","$","M","R","E","R","T","M","R","E"],"character_chosen":"WATCHER","items_purchased":[],"campfire_rested":0,"item_purchase_floors":[],"current_hp_per_floor":[79,75,68,68,68,68,31,31,31,30,30,3],"gold":188,"neow_bonus":"TEN_PERCENT_HP_BONUS","is_prod":false,"is_daily":false,"chose_seed":false,"campfire_upgraded":3,"win_rate":0,"timestamp":1598332284,"path_taken":["M","M","?","$","M","R","E","R","T","M","R","E"],"build_version":"2020-07-30","purchased_purges":1,"victory":false,"max_hp_per_floor":[79,79,79,79,79,79,79,79,79,79,79,79],"card_choices":[{"not_picked":["FlyingSleeves","EmptyBody"],"picked":"CutThroughFate","floor":1.0},{"not_picked":["Halt","CutThroughFate"],"picked":"Vault","floor":2.0},{"not_picked":["Consecrate","DeceiveReality"],"picked":"EmptyFist","floor":5.0},{"not_picked":["Sanctity","ClearTheMind"],"picked":"Devotion","floor":7.0},{"not_picked":["FollowUp","JustLucky"],"picked":"Halt+1","floor":10}],"player_experience":155155,"relics_obtained":[{"floor":7.0,"key":"Boot"},{"floor":9.0,"key":"Toxic Egg 2"}],"event_choices":[{"cards_removed":["Strike_P"],"damage_healed":0.0,"max_hp_gain":0.0,"max_hp_loss":0.0,"gold_gain":0.0,"event_name":"Golden Wing","player_choice":"Card Removal","floor":3.0,"gold_loss":0.0,"damage_taken":7.0}],"is_beta":false,"boss_relics":[],"items_purged_floors":[4],"is_endless":false,"potions_floor_spawned":[5],"killed_by":"Gremlin Nob","ascension_level":3}