{"gold_per_floor":[117,137,154,164,8,8,36,50,50,79,79,79,95,115,115,217,217,236,248,259,184,5,36,55,55,55,70,87,105,65,65,65,165,165,185,233,233,243,243,278,278,311,311,329,10,10,10,25,25,25],"floor_reached":50,"playtime":5241,"items_purged":["Strike_P","Parasite"],"score":611,"play_id":"a3fd5836-8052-4304-9f6d-a275221c954b","local_time":"20200821204113","is_ascension_mode":false,"campfire_choices":[{"data":"Eruption","floor":6.0,"key":"SMITH"},{"data":"WindmillStrike","floor":11.0,"key":"SMITH"},{"data":"Wallop","floor":15.0,"key":"SMITH"},{"data":"Establishment","floor":25.0,"key":"SMITH"},{"floor":32.0,"key":"REST"},{"floor":41.0,"key":"DIG"},{"floor":46.0,"key":"DIG"},{"floor":49.0,"key":"RECALL"}],"neow_cost":"NONE","seed_source_timestamp":455433929143610,"circlet_count":0,"master_deck":["Strike_P+1","Defend_P","Defend_P","Defend_P","Defend_P","Eruption+1","Vigilance+1","Wallop+1","WindmillStrike+1","FlurryOfBlows","EmptyBody","Tantrum","BowlingBash+1","Crescendo","Establishment+1","Conclude+1","DeceiveReality+1","Meditate+1","FlurryOfBlows+1","LessonLearned+1","WheelKick+1","CutThroughFate+1","Ragnarok+1","SandsOfTime+1","ClearTheMind+1","WindmillStrike+1","Clumsy","EmptyFist+1","ThirdEye+1","Parasite"],"special_seed":0,"relics":["HolyWater","ClockworkSouvenir","Strawberry","The Courier","Bag of Marbles","Molten Egg 2","InkBottle","Cursed Key","Unceasing Top","Shovel","Ornamental Fan","Ancient Tea Set","Whetstone","Pear","PreservedInsect","Happy Flower","Pen Nib"],"potions_floor_usage":[],"damage_taken":[{"damage":0.0,"enemies":"Small Slimes","floor":1.0,"turns":2.0},{"damage":0.0,"enemies":"Jaw Worm","floor":2.0,"turns":4.0},{"damage":0.0,"enemies":"Cultist","floor":3.0,"turns":4.0},{"damage":2.0,"enemies":"Looter","floor":4.0,"turns":2.0},{"damage":9.0,"enemies":"Gremlin Nob","floor":7.0,"turns":3.0},{"damage":8.0,"enemies":"Red Slaver","floor":8.0,"turns":3.0},{"damage":6.0,"enemies":"Lagavulin","floor":10.0,"turns":6.0},{"damage":1.0,"enemies":"Exordium Thugs","floor":13.0,"turns":3.0},{"damage":0.0,"enemies":"3 Louse","floor":14.0,"turns":2.0},{"damage":16.0,"enemies":"The Guardian","floor":16.0,"turns":10.0},{"damage":5.0,"enemies":"3 Byrds","floor":18.0,"turns":4.0},{"damage":3.0,"enemies":"Shell Parasite","floor":19.0,"turns":3.0},{"damage":19.0,"enemies":"Snake Plant","floor":20.0,"turns":3.0},{"damage":21.0,"enemies":"Gremlin Leader","floor":23.0,"turns":5.0},{"damage":0.0,"enemies":"3 Cultists","floor":24.0,"turns":4.0},{"damage":8.0,"enemies":"Snecko","floor":27.0,"turns":4.0},{"damage":27.0,"enemies":"Snake Plant","floor":28.0,"turns":3.0},{"damage":0.0,"enemies":"3 Cultists","floor":29.0,"turns":3.0},{"damage":12.0,"enemies":"Automaton","floor":33.0,"turns":5.0},{"damage":0.0,"enemies":"3 Shapes","floor":35.0,"turns":3.0},{"damage":13.0,"enemies":"2 Orb Walkers","floor":36.0,"turns":3.0},{"damage":0.0,"enemies":"Orb Walker","floor":38.0,"turns":2.0},{"damage":52.0,"enemies":"Nemesis","floor":40.0,"turns":5.0},{"damage":0.0,"enemies":"Reptomancer","floor":42.0,"turns":3.0},{"damage":3.0,"enemies":"Writhing Mass","floor":44.0,"turns":5.0},{"damage":0.0,"enemies":"Sphere and 2 Shapes","floor":48.0,"turns":4.0},{"damage":28,"enemies":"Donu and Deca","floor":50,"turns":4}],"seed_played":"-3460620412011273021","potions_obtained":[{"floor":2.0,"key":"FearPotion"},{"floor":3.0,"key":"ColorlessPotion"},{"floor":7.0,"key":"Energy Potion"},{"floor":10.0,"key":"BottledMiracle"},{"floor":18.0,"key":"Weak Potion"},{"floor":27.0,"key":"Block Potion"},{"floor":28.0,"key":"Fire Potion"},{"floor":29.0,"key":"Strength Potion"},{"floor":33.0,"key":"GamblersBrew"},{"floor":36.0,"key":"FearPotion"},{"floor":38.0,"key":"SneckoOil"}],"is_trial":false,"path_per_floor":["M","M","M","M","$","R","E","M","T","E","R","?","M","M","R","B",null,"M","M","M","?","$","E","M","R","T","M","M","M","$","?","R","B",null,"M","?","?","M","T","E","R","E","T","M","$","R","?","M","R","B"],"character_chosen":"WATCHER","items_purchased":["ClockworkSouvenir","Bag of Marbles","CutThroughFate+1","PreservedInsect","Happy Flower"],"campfire_rested":1,"item_purchase_floors":[5,22,30,45,45],"current_hp_per_floor":[79,79,79,77,77,77,75,67,67,61,61,61,60,60,60,44,86,81,78,59,59,59,38,38,38,38,30,3,3,3,3,28,16,86,86,73,73,73,73,21,21,21,31,28,28,28,28,28,28,0],"gold":25,"neow_bonus":"TEN_PERCENT_HP_BONUS","is_prod":false,"is_daily":false,"chose_seed":false,"campfire_upgraded":4,"win_rate":0.0,"timestamp":1598060473,"path_taken":["M","M","M","M","$","R","E","M","T","E","R","?","M","M","R","BOSS","M","M","M","?","$","E","M","R","T","M","M","M","$","?","R","BOSS","M","?","?","?","?","E","R","E","T","M","$","R","?","M","R","BOSS"],"build_version":"2020-07-30","purchased_purges":2,"victory":false,"max_hp_per_floor":[79,79,79,79,79,79,86,86,86,86,86,86,86,86,86,86,86,86,86,86,86,86,86,86,86,86,86,86,86,86,86,86,86,86,86,86,86,86,86,86,86,86,96,96,93,93,93,93,93,93],"card_choices":[{"not_picked":["CrushJoints","Collect"],"picked":"Wallop","floor":1.0},{"not_picked":["Meditate","Tantrum"],"picked":"WindmillStrike","floor":2.0},{"not_picked":["FollowUp","CarveReality"],"picked":"FlurryOfBlows","floor":3.0},{"not_picked":["Study","WheelKick"],"picked":"EmptyBody","floor":4.0},{"not_picked":["Consecrate","WheelKick"],"picked":"Tantrum","floor":7.0},{"not_picked":["Sanctity","WheelKick"],"picked":"BowlingBash","floor":8.0},{"not_picked":["Study","ThirdEye","JustLucky"],"picked":"SKIP","floor":10.0},{"not_picked":["FollowUp","ThirdEye","EmptyBody"],"picked":"SKIP","floor":13.0},{"not_picked":["SignatureMove","Tantrum"],"picked":"Crescendo","floor":14.0},{"not_picked":["Vault","Scrawl"],"picked":"Establishment","floor":16.0},{"not_picked":["Swivel","SashWhip","SignatureMove"],"picked":"SKIP","floor":18.0},{"not_picked":["WaveOfTheHand","Swivel"],"picked":"Conclude+1","floor":19.0},{"not_picked":["JustLucky","WreathOfFlame","Pray"],"picked":"SKIP","floor":20.0},{"not_picked":["CrushJoints+1","WreathOfFlame+1"],"picked":"DeceiveReality+1","floor":23.0},{"not_picked":["Nirvana","BowlingBash+1"],"picked":"Meditate+1","floor":24.0},{"not_picked":["SashWhip+1","Evaluate"],"picked":"FlurryOfBlows+1","floor":27.0},{"not_picked":["Evaluate","Crescendo"],"picked":"LessonLearned+1","floor":28.0},{"not_picked":["FlurryOfBlows+1","LikeWater"],"picked":"WheelKick+1","floor":29.0},{"not_picked":["Omniscience","Scrawl"],"picked":"Ragnarok+1","floor":33.0},{"not_picked":["ThirdEye","BowlingBash+1"],"picked":"SandsOfTime+1","floor":35.0},{"not_picked":["EmptyBody+1","EmptyMind"],"picked":"ClearTheMind+1","floor":36.0},{"not_picked":["Swivel","FollowUp+1","BowlingBash+1"],"picked":"SKIP","floor":38.0},{"not_picked":["ThirdEye","Evaluate"],"picked":"EmptyFist+1","floor":40.0},{"not_picked":["FearNoEvil+1","TalkToTheHand+1"],"picked":"ThirdEye+1","floor":42.0},{"not_picked":["Worship","Fasting2+1","Swivel"],"picked":"SKIP","floor":44.0},{"not_picked":["PathToVictory","ReachHeaven+1","WaveOfTheHand"],"picked":"SKIP","floor":48.0}],"player_experience":112228,"relics_obtained":[{"floor":7.0,"key":"Strawberry"},{"floor":10.0,"key":"The Courier"},{"floor":23.0,"key":"Molten Egg 2"},{"floor":26.0,"key":"InkBottle"},{"floor":36.0,"key":"Unceasing Top"},{"floor":39.0,"key":"Shovel"},{"floor":40.0,"key":"Ornamental Fan"},{"floor":41.0,"key":"Ancient Tea Set"},{"floor":42.0,"key":"Whetstone"},{"floor":43.0,"key":"Pear"},{"floor":46.0,"key":"Pen Nib"}],"event_choices":[{"cards_removed":["Strike_P"],"damage_healed":0.0,"max_hp_gain":0.0,"max_hp_loss":0.0,"gold_gain":0.0,"event_name":"Living Wall","player_choice":"Forget","floor":12.0,"gold_loss":0.0,"damage_taken":0.0},{"cards_removed":["Strike_P"],"damage_healed":0.0,"max_hp_gain":0.0,"max_hp_loss":0.0,"gold_gain":0.0,"event_name":"Beggar","player_choice":"Gave Gold","floor":21.0,"gold_loss":75.0,"damage_taken":0.0},{"damage_healed":0.0,"max_hp_gain":0.0,"max_hp_loss":0.0,"gold_gain":0.0,"event_name":"Accursed Blacksmith","player_choice":"Forge","floor":31.0,"gold_loss":0.0,"damage_taken":0.0,"cards_upgraded":["Vigilance"]},{"damage_healed":0.0,"max_hp_gain":0.0,"max_hp_loss":0.0,"gold_gain":0.0,"event_name":"Mysterious Sphere","player_choice":"Fight","floor":36.0,"gold_loss":0.0,"damage_taken":0.0},{"damage_healed":0.0,"max_hp_gain":0.0,"max_hp_loss":0.0,"gold_gain":0.0,"event_name":"Duplicator","player_choice":"Copied","floor":37.0,"gold_loss":0.0,"damage_taken":0.0,"cards_obtained":["WindmillStrike"]},{"damage_healed":0.0,"max_hp_gain":0.0,"max_hp_loss":0.0,"gold_gain":0.0,"event_name":"The Moai Head","player_choice":"Ignored","floor":47.0,"gold_loss":0.0,"damage_taken":0.0}],"is_beta":false,"boss_relics":[{"not_picked":["SacredBark","Runic Pyramid"],"picked":"HolyWater"},{"not_picked":["Runic Dome","Empty Cage"],"picked":"Cursed Key"}],"items_purged_floors":[22,45],"is_endless":false,"potions_floor_spawned":[2,3,7,10,16,18,27,28,29,33,36,38],"killed_by":"Donu and Deca","ascension_level":0}