{"gold_per_floor":[110,126,126,51,1,33,33,33,60,74,101,120,149,149,149,253,253,269,169,189,114,114,114,114,146,146,146,163,163,9,29,29,127,127,137,0,19,29,29,29,63,63,63,95,105,131,142,158,158,158,158,158,36,71,71],"floor_reached":56,"playtime":3618,"items_purged":["Strike_P","Defend_P"],"score":1634,"play_id":"6243d9ab-4aa1-479c-bbcd-e21351afb8c1","local_time":"20200825014929","is_ascension_mode":true,"campfire_choices":[{"data":"Eruption","floor":7.0,"key":"SMITH"},{"data":"Alpha","floor":15.0,"key":"SMITH"},{"data":"ThirdEye","floor":23.0,"key":"SMITH"},{"floor":27.0,"key":"DIG"},{"floor":32.0,"key":"DIG"},{"floor":40.0,"key":"DIG"},{"floor":42.0,"key":"DIG"},{"floor":49.0,"key":"RECALL"},{"floor":52.0,"key":"DIG"}],"neow_cost":"NONE","seed_source_timestamp":646201077252887,"circlet_count":0,"master_deck":["Strike_P","Defend_P","Defend_P","Eruption+1","Vigilance+1","WheelKick","EmptyFist+1","FearNoEvil+1","ThirdEye+1","Alpha+1","Vault+1","SandsOfTime+1","CutThroughFate+1","Devotion+1","Omniscience+1","InnerPeace+1"],"special_seed":0,"relics":["PureWater","NeowsBlessing","InkBottle","Frozen Egg 2","Juzu Bracelet","Bronze Scales","Gremlin Horn","Bottled Flame","Snecko Eye","Enchiridion","Shovel","Mercury Hourglass","Dream Catcher","Whetstone","Bag of Preparation","Busted Crown","Red Mask","Pear","Damaru","Happy Flower","Question Card","The Courier","Ornamental Fan","TheAbacus","War Paint"],"potions_floor_usage":[55,55,55],"damage_taken":[{"damage":0.0,"enemies":"Small Slimes","floor":1.0,"turns":1.0},{"damage":0.0,"enemies":"Jaw Worm","floor":2.0,"turns":1.0},{"damage":0.0,"enemies":"Lagavulin","floor":6.0,"turns":1.0},{"damage":0.0,"enemies":"2 Louse","floor":10.0,"turns":3.0},{"damage":16.0,"enemies":"Gremlin Nob","floor":11.0,"turns":3.0},{"damage":0.0,"enemies":"Looter","floor":12.0,"turns":3.0},{"damage":10.0,"enemies":"3 Sentries","floor":13.0,"turns":4.0},{"damage":4.0,"enemies":"Hexaghost","floor":16.0,"turns":6.0},{"damage":7.0,"enemies":"Shell Parasite","floor":18.0,"turns":4.0},{"damage":14.0,"enemies":"2 Thieves","floor":20.0,"turns":3.0},{"damage":0.0,"enemies":"Gremlin Leader","floor":25.0,"turns":4.0},{"damage":0.0,"enemies":"Sentry and Sphere","floor":28.0,"turns":3.0},{"damage":0.0,"enemies":"Cultist and Chosen","floor":31.0,"turns":3.0},{"damage":4.0,"enemies":"Collector","floor":33.0,"turns":4.0},{"damage":3.0,"enemies":"3 Darklings","floor":35.0,"turns":3.0},{"damage":0.0,"enemies":"Orb Walker","floor":37.0,"turns":2.0},{"damage":0.0,"enemies":"3 Darklings","floor":38.0,"turns":3.0},{"damage":0.0,"enemies":"Reptomancer","floor":41.0,"turns":3.0},{"damage":5.0,"enemies":"Nemesis","floor":44.0,"turns":4.0},{"damage":10.0,"enemies":"Spire Growth","floor":45.0,"turns":3.0},{"damage":0.0,"enemies":"Reptomancer","floor":46.0,"turns":2.0},{"damage":0.0,"enemies":"Sphere and 2 Shapes","floor":47.0,"turns":2.0},{"damage":8.0,"enemies":"Writhing Mass","floor":48.0,"turns":2.0},{"damage":29.0,"enemies":"Awakened One","floor":50.0,"turns":5.0},{"damage":8.0,"enemies":"Shield and Spear","floor":54.0,"turns":3.0},{"damage":69,"enemies":"The Heart","floor":55,"turns":9}],"seed_played":"733079328547842710","potions_obtained":[{"floor":1.0,"key":"Fire Potion"},{"floor":2.0,"key":"Swift Potion"},{"floor":10.0,"key":"Fire Potion"},{"floor":13.0,"key":"Weak Potion"},{"floor":25.0,"key":"Dexterity Potion"},{"floor":37.0,"key":"GamblersBrew"},{"floor":38.0,"key":"Block Potion"},{"floor":45.0,"key":"Weak Potion"},{"floor":48.0,"key":"LiquidBronze"}],"is_trial":false,"path_per_floor":["M","M","?","$","?","E","R","?","T","M","E","M","E","?","R","B",null,"M","$","M","?","$","R","?","E","T","R","M","?","$","M","R","B",null,"M","?","M","M","?","R","E","R","T","E","M","E","M","M","R","B",null,"R","$","E","B",null],"character_chosen":"WATCHER","items_purchased":["Whetstone","TheAbacus"],"campfire_rested":0,"item_purchase_floors":[30,53],"current_hp_per_floor":[72,72,65,65,65,65,65,65,65,65,49,49,39,32,32,28,72,65,65,51,51,51,51,35,35,35,35,35,35,35,35,35,31,72,69,69,69,69,68,78,78,78,78,73,63,63,63,55,55,26,78,78,78,70,1],"gold":71,"neow_bonus":"THREE_ENEMY_KILL","is_prod":false,"is_daily":false,"chose_seed":false,"campfire_upgraded":3,"win_rate":0,"timestamp":1598338169,"path_taken":["M","M","?","$","?","E","R","?","T","M","E","M","E","?","R","BOSS","M","$","M","?","$","R","?","E","T","R","M","?","$","M","R","BOSS","M","?","M","M","?","R","E","R","T","E","M","E","M","M","R","BOSS","R","$","E","BOSS"],"build_version":"2020-07-30","purchased_purges":2,"victory":true,"max_hp_per_floor":[72,72,72,72,72,72,72,72,72,72,72,72,72,72,72,72,72,72,72,72,72,72,72,72,72,72,72,72,72,72,72,72,72,72,72,72,72,72,68,78,78,78,78,78,78,78,78,78,78,78,78,78,78,78,78],"card_choices":[{"not_picked":["WreathOfFlame","EmptyFist"],"picked":"WheelKick","floor":1.0},{"not_picked":["FollowUp","EmptyBody"],"picked":"EmptyFist","floor":2.0},{"not_picked":["Prostrate","Fasting2+1","ClearTheMind"],"picked":"SKIP","floor":6.0},{"not_picked":["ClearTheMind","DeceiveReality"],"picked":"FearNoEvil","floor":10.0},{"not_picked":["SashWhip","Conclude"],"picked":"ThirdEye","floor":11.0},{"not_picked":["Prostrate","CrushJoints"],"picked":"Alpha","floor":12.0},{"not_picked":["DeceiveReality","FlurryOfBlows","EmptyBody"],"picked":"SKIP","floor":13.0},{"not_picked":["DeceiveReality","FlurryOfBlows","EmptyBody"],"picked":"SKIP","floor":13.0},{"not_picked":["Brilliance","Alpha"],"picked":"Vault","floor":16.0},{"not_picked":["WaveOfTheHand","CutThroughFate+1","DeceiveReality"],"picked":"SKIP","floor":18.0},{"not_picked":["DeceiveReality","ThirdEye"],"picked":"SandsOfTime+1","floor":20.0},{"not_picked":["Prostrate","ClearTheMind","MentalFortress+1"],"picked":"SKIP","floor":25.0},{"not_picked":["Prostrate","ClearTheMind","MentalFortress+1"],"picked":"SKIP","floor":25.0},{"not_picked":["BowlingBash","Weave","ClearTheMind"],"picked":"SKIP","floor":28.0},{"not_picked":["JustLucky","Evaluate"],"picked":"CutThroughFate+1","floor":31.0},{"not_picked":["Blasphemy","Alpha"],"picked":"Devotion+1","floor":33.0},{"not_picked":["TalkToTheHand"],"picked":"SKIP","floor":35.0},{"not_picked":["EmptyFist+1"],"picked":"SKIP","floor":37.0},{"not_picked":["Swivel"],"picked":"SKIP","floor":38.0},{"not_picked":["PathToVictory"],"picked":"SKIP","floor":41.0},{"not_picked":[],"picked":"Omniscience","floor":44.0},{"not_picked":["ForeignInfluence","ThirdEye+1"],"picked":"SKIP","floor":45.0},{"not_picked":["LikeWater+1","FollowUp"],"picked":"SKIP","floor":46.0},{"not_picked":["SashWhip"],"picked":"InnerPeace+1","floor":47.0},{"not_picked":["ThirdEye+1","Halt+1"],"picked":"SKIP","floor":48.0},{"not_picked":["Crescendo","Halt"],"picked":"SKIP","floor":54.0}],"player_experience":156985,"relics_obtained":[{"floor":6.0,"key":"Frozen Egg 2"},{"floor":9.0,"key":"Bronze Scales"},{"floor":11.0,"key":"Gremlin Horn"},{"floor":13.0,"key":"Bottled Flame"},{"floor":24.0,"key":"Enchiridion"},{"floor":25.0,"key":"Shovel"},{"floor":26.0,"key":"Mercury Hourglass"},{"floor":27.0,"key":"Dream Catcher"},{"floor":32.0,"key":"Bag of Preparation"},{"floor":40.0,"key":"Pear"},{"floor":41.0,"key":"Damaru"},{"floor":42.0,"key":"Happy Flower"},{"floor":44.0,"key":"Question Card"},{"floor":46.0,"key":"The Courier"},{"floor":52.0,"key":"Ornamental Fan"},{"floor":54.0,"key":"War Paint"}],"event_choices":[{"damage_healed":0.0,"max_hp_gain":0.0,"max_hp_loss":0.0,"gold_gain":0.0,"event_name":"Scrap Ooze","player_choice":"Success","floor":3.0,"gold_loss":0.0,"damage_taken":7.0,"relics_obtained":["InkBottle"]},{"cards_removed":["Strike_P"],"damage_healed":0.0,"max_hp_gain":0.0,"max_hp_loss":0.0,"gold_gain":0.0,"event_name":"The Cleric","player_choice":"Card Removal","floor":5.0,"gold_loss":50.0,"damage_taken":0.0},{"damage_healed":0.0,"max_hp_gain":0.0,"max_hp_loss":0.0,"gold_gain":0.0,"event_name":"Dead Adventurer","player_choice":"Searched \u00271\u0027 times","floor":8.0,"gold_loss":0.0,"damage_taken":0.0,"relics_obtained":["Juzu Bracelet"]},{"cards_removed":["Strike_P"],"damage_healed":0.0,"max_hp_gain":0.0,"max_hp_loss":0.0,"gold_gain":0.0,"event_name":"Golden Wing","player_choice":"Card Removal","floor":14.0,"gold_loss":0.0,"damage_taken":7.0},{"cards_removed":["Defend_P"],"damage_healed":0.0,"max_hp_gain":0.0,"max_hp_loss":0.0,"gold_gain":0.0,"event_name":"Beggar","player_choice":"Gave Gold","floor":21.0,"gold_loss":75.0,"damage_taken":0.0},{"damage_healed":0.0,"max_hp_gain":0.0,"max_hp_loss":0.0,"gold_gain":0.0,"event_name":"Cursed Tome","player_choice":"Obtained Book","floor":24.0,"gold_loss":0.0,"damage_taken":16.0},{"damage_healed":0.0,"max_hp_gain":0.0,"max_hp_loss":0.0,"gold_gain":0.0,"event_name":"Accursed Blacksmith","player_choice":"Forge","floor":29.0,"gold_loss":0.0,"damage_taken":0.0,"cards_upgraded":["Vigilance"]},{"damage_healed":0.0,"max_hp_gain":0.0,"max_hp_loss":0.0,"gold_gain":0.0,"event_name":"Tomb of Lord Red Mask","player_choice":"Paid","floor":36.0,"gold_loss":137.0,"damage_taken":0.0,"relics_obtained":["Red Mask"]},{"damage_healed":0.0,"max_hp_gain":0.0,"max_hp_loss":4.0,"gold_gain":0.0,"event_name":"Winding Halls","player_choice":"Max HP","floor":39.0,"gold_loss":0.0,"damage_taken":0.0}],"is_beta":false,"boss_relics":[{"not_picked":["VioletLotus","Black Star"],"picked":"Snecko Eye"},{"not_picked":["Astrolabe","Cursed Key"],"picked":"Busted Crown"}],"items_purged_floors":[4,19],"is_endless":false,"potions_floor_spawned":[1,2,10,13,25,33,37,38,45,48],"ascension_level":3}