{"gold_per_floor":[109,129,141,157,172,205,205,240,240,240,19,31,51,65,65,161,161,179,194,210,225,243,276,24,24,47,0,0,0,18,34,34,138,138,156,31,31,31,44,44,44,44,44,59,74,74,74,86,86,86],"floor_reached":51,"playtime":4823,"items_purged":["Defend_P","Defend_P","Strike_P"],"score":699,"play_id":"86f46abb-6e65-4ba7-8490-b08a0b1f8fbd","local_time":"20200824205857","is_ascension_mode":true,"campfire_choices":[{"data":"Eruption","floor":7.0,"key":"SMITH"},{"data":"ThirdEye","floor":10.0,"key":"SMITH"},{"data":"Swivel","floor":15.0,"key":"SMITH"},{"floor":29.0,"key":"REST"},{"data":"Apotheosis","floor":32.0,"key":"SMITH"},{"data":"LikeWater","floor":40.0,"key":"SMITH"},{"data":"Mayhem","floor":42.0,"key":"SMITH"},{"data":"FollowUp","floor":49,"key":"SMITH"}],"neow_cost":"NONE","seed_source_timestamp":628414054541155,"circlet_count":0,"master_deck":["Defend_P","Eruption+1","Vigilance","LikeWater+1","ThirdEye+1","FollowUp+1","Prostrate","FollowUp","Apotheosis+1","Devotion+1","TalkToTheHand+1","ClearTheMind+1","Conserve Battery+1","Concentrate+1","Panacea+1","Flechettes+1","Mayhem+1","Whirlwind+1","Study","Doubt","Sucker Punch+1"],"special_seed":0,"relics":["Runic Pyramid","Bronze Scales","Blood Vial","Torii","PrismaticShard","Astrolabe","White Beast Statue","Oddly Smooth Stone","Regal Pillow","Velvet Choker","Bag of Marbles","Smiling Mask"],"potions_floor_usage":[44,45,48,50],"damage_taken":[{"damage":0.0,"enemies":"2 Louse","floor":1.0,"turns":3.0},{"damage":0.0,"enemies":"Jaw Worm","floor":2.0,"turns":3.0},{"damage":0.0,"enemies":"Cultist","floor":3.0,"turns":4.0},{"damage":1.0,"enemies":"Exordium Wildlife","floor":4.0,"turns":5.0},{"damage":0.0,"enemies":"3 Louse","floor":5.0,"turns":1.0},{"damage":5.0,"enemies":"Lagavulin","floor":6.0,"turns":7.0},{"damage":14.0,"enemies":"Gremlin Nob","floor":8.0,"turns":4.0},{"damage":0.0,"enemies":"Looter","floor":12.0,"turns":2.0},{"damage":2.0,"enemies":"Exordium Wildlife","floor":13.0,"turns":5.0},{"damage":3.0,"enemies":"Lots of Slimes","floor":14.0,"turns":4.0},{"damage":4.0,"enemies":"Hexaghost","floor":16.0,"turns":9.0},{"damage":1.0,"enemies":"Shell Parasite","floor":18.0,"turns":4.0},{"damage":11.0,"enemies":"2 Thieves","floor":19.0,"turns":3.0},{"damage":23.0,"enemies":"Cultist and Chosen","floor":20.0,"turns":7.0},{"damage":6.0,"enemies":"Snake Plant","floor":21.0,"turns":4.0},{"damage":8.0,"enemies":"Shelled Parasite and Fungi","floor":22.0,"turns":7.0},{"damage":31.0,"enemies":"Slavers","floor":23.0,"turns":7.0},{"damage":1.0,"enemies":"Snecko","floor":30.0,"turns":8.0},{"damage":9.0,"enemies":"Snake Plant","floor":31.0,"turns":4.0},{"damage":1.0,"enemies":"Champ","floor":33.0,"turns":9.0},{"damage":22.0,"enemies":"3 Darklings","floor":35.0,"turns":6.0},{"damage":16.0,"enemies":"3 Shapes","floor":39.0,"turns":6.0},{"damage":13,"enemies":"Sphere and 2 Shapes","floor":44,"turns":5},{"damage":22,"enemies":"Spire Growth","floor":45,"turns":4},{"damage":2,"enemies":"Jaw Worm Horde","floor":48,"turns":3},{"damage":17,"enemies":"Time Eater","floor":50,"turns":7}],"seed_played":"7092314610946809873","potions_obtained":[{"floor":1.0,"key":"SpeedPotion"},{"floor":2.0,"key":"Explosive Potion"},{"floor":5.0,"key":"SpeedPotion"},{"floor":8.0,"key":"FairyPotion"},{"floor":12.0,"key":"GamblersBrew"},{"floor":19.0,"key":"BottledMiracle"},{"floor":20.0,"key":"Dexterity Potion"},{"floor":22.0,"key":"Energy Potion"},{"floor":30.0,"key":"SneckoOil"},{"floor":31.0,"key":"LiquidMemories"},{"floor":33.0,"key":"LiquidMemories"},{"floor":35.0,"key":"AttackPotion"},{"floor":39.0,"key":"ColorlessPotion"},{"floor":44,"key":"Explosive Potion"},{"floor":45,"key":"Fire Potion"},{"floor":48,"key":"PowerPotion"}],"is_trial":false,"path_per_floor":["M","M","M","M","M","E","R","E","T","R","$","M","M","M","R","B",null,"M","M","M","M","M","E","$","?","T","?","$","R","M","M","R","B",null,"M","$","?","T","M","R","?","R","T","M","M","?","?","M","R","B",null],"character_chosen":"WATCHER","items_purchased":["PrismaticShard","Oddly Smooth Stone"],"campfire_rested":1,"item_purchase_floors":[11,24],"current_hp_per_floor":[72,72,72,71,71,66,66,52,52,52,52,54,54,53,53,51,72,71,61,40,36,30,1,1,1,1,1,1,37,38,31,31,32,72,50,50,50,50,36,36,36,36,36,25,5,5,72,70,70,55],"gold":86,"neow_bonus":"BOSS_RELIC","is_prod":false,"is_daily":false,"chose_seed":false,"campfire_upgraded":7,"win_rate":0,"timestamp":1598320737,"path_taken":["M","M","M","M","M","E","R","E","T","R","$","M","M","M","R","BOSS","M","M","M","M","M","E","$","?","T","?","$","R","M","M","R","BOSS","M","$","?","?","M","R","?","R","T","?","M","?","?","M","R","BOSS"],"build_version":"2020-07-30","purchased_purges":3,"victory":true,"max_hp_per_floor":[72,72,72,72,72,72,72,72,72,72,72,72,72,72,72,72,72,72,72,72,72,72,72,72,72,72,72,72,72,72,72,72,72,72,72,72,72,72,72,72,72,72,72,72,72,72,72,72,72,72],"card_choices":[{"not_picked":["Consecrate","Pray"],"picked":"LikeWater","floor":1.0},{"not_picked":["Study","ClearTheMind"],"picked":"ThirdEye","floor":2.0},{"not_picked":["FollowUp","CrushJoints"],"picked":"Swivel","floor":3.0},{"not_picked":["Pray","Adaptation","Halt"],"picked":"SKIP","floor":4.0},{"not_picked":["FlyingSleeves","EmptyFist"],"picked":"FollowUp","floor":5.0},{"not_picked":["Swivel","JustLucky"],"picked":"Prostrate","floor":6.0},{"not_picked":["WindmillStrike","DeceiveReality"],"picked":"FollowUp","floor":8.0},{"not_picked":["Multi-Cast","Redo","Underhanded Strike"],"picked":"SKIP","floor":12.0},{"not_picked":["Turbo","Shrug It Off","Iron Wave"],"picked":"SKIP","floor":13.0},{"not_picked":["Body Slam","Blade Dance","EmptyFist"],"picked":"SKIP","floor":14.0},{"not_picked":["Alpha","Magnetism"],"picked":"Apotheosis","floor":16.0},{"not_picked":["Entrench","Headbutt"],"picked":"Conserve Battery+1","floor":18.0},{"not_picked":["Ball Lightning+1","Outmaneuver","Well Laid Plans"],"picked":"SKIP","floor":19.0},{"not_picked":["CrushJoints","Steam Power","Outmaneuver"],"picked":"SKIP","floor":20.0},{"not_picked":["Steam+1","CrushJoints+1"],"picked":"Concentrate+1","floor":21.0},{"not_picked":["Trip","Body Slam"],"picked":"Panacea+1","floor":22.0},{"not_picked":["ClearTheMind","Steam","True Grit"],"picked":"SKIP","floor":23.0},{"not_picked":["Sanctity","Flex","Creative AI"],"picked":"SKIP","floor":30.0},{"not_picked":["Iron Wave","Sword Boomerang"],"picked":"Flechettes+1","floor":31.0},{"not_picked":["Glass Knife","After Image"],"picked":"Mayhem","floor":33.0},{"not_picked":["Halt+1","Armaments"],"picked":"Whirlwind+1","floor":35.0},{"not_picked":["Steam","Machine Learning","Well Laid Plans"],"picked":"SKIP","floor":39.0},{"not_picked":["Acrobatics","Slice+1","PathToVictory+1"],"picked":"SKIP","floor":44},{"not_picked":["Conserve Battery","Hologram","CutThroughFate"],"picked":"SKIP","floor":45},{"not_picked":["Armaments","Unload"],"picked":"Sucker Punch+1","floor":48}],"player_experience":145800,"relics_obtained":[{"floor":6.0,"key":"Bronze Scales"},{"floor":8.0,"key":"Blood Vial"},{"floor":9.0,"key":"Torii"},{"floor":23.0,"key":"White Beast Statue"},{"floor":26.0,"key":"Regal Pillow"},{"floor":38.0,"key":"Bag of Marbles"},{"floor":43.0,"key":"Smiling Mask"}],"event_choices":[{"damage_healed":0.0,"max_hp_gain":0.0,"max_hp_loss":0.0,"gold_gain":0.0,"event_name":"Cursed Tome","player_choice":"Ignored","floor":25.0,"gold_loss":0.0,"damage_taken":0.0},{"damage_healed":0.0,"max_hp_gain":0.0,"max_hp_loss":0.0,"gold_gain":0.0,"event_name":"Masked Bandits","player_choice":"Paid Fearfully","floor":27.0,"gold_loss":47.0,"damage_taken":0.0},{"damage_healed":0.0,"max_hp_gain":0.0,"max_hp_loss":0.0,"gold_gain":0.0,"event_name":"SensoryStone","player_choice":"Memory 1","floor":37.0,"gold_loss":0.0,"damage_taken":0.0},{"damage_healed":0.0,"max_hp_gain":0.0,"max_hp_loss":0.0,"gold_gain":0.0,"cards_transformed":["Swivel"],"event_name":"Transmorgrifier","player_choice":"Transformed","floor":41.0,"gold_loss":0.0,"damage_taken":0.0,"cards_obtained":["Study"]},{"cards_removed":["Strike_P"],"damage_healed":0,"gold_gain":0,"player_choice":"Removed Attack","damage_taken":0,"max_hp_gain":0,"max_hp_loss":0,"event_name":"Falling","floor":46,"gold_loss":0},{"damage_healed":67,"gold_gain":0,"player_choice":"Heal","damage_taken":0,"max_hp_gain":0,"max_hp_loss":0,"event_name":"MindBloom","floor":47,"gold_loss":0,"cards_obtained":["Doubt"]}],"is_beta":false,"boss_relics":[{"not_picked":["Calling Bell","Ectoplasm"],"picked":"Astrolabe"},{"not_picked":["Fusion Hammer","Tiny House"],"picked":"Velvet Choker"}],"items_purged_floors":[11,24,36],"is_endless":false,"potions_floor_spawned":[1,2,5,8,12,19,20,22,30,31,33,35,39,44,45,48],"ascension_level":2}