{"gold_per_floor":[213,226,242,93,104,104,130,130,156,189,205,222,242,272,272,368,368,388,408,420,218,218,247,247,247,247,247,258,287,212,244,244,244],"floor_reached":33,"playtime":6283,"items_purged":["Strike_P"],"score":417,"play_id":"483efb15-cb10-4b5a-8e67-65f915fefe0b","local_time":"20200902211807","is_ascension_mode":true,"campfire_choices":[{"data":"Eruption","floor":6.0,"key":"SMITH"},{"data":"TalkToTheHand","floor":8.0,"key":"SMITH"},{"data":"CutThroughFate","floor":15.0,"key":"SMITH"},{"data":"Wallop","floor":24.0,"key":"SMITH"},{"data":"CutThroughFate","floor":27.0,"key":"SMITH"},{"floor":32,"key":"REST"}],"neow_cost":"NONE","seed_source_timestamp":125377343500348,"circlet_count":0,"master_deck":["Strike_P","Strike_P+1","Defend_P","Defend_P","Defend_P+1","Eruption+1","Vigilance","Consecrate","BowlingBash","EmptyFist","TalkToTheHand+1","ThirdEye+1","Sanctity+1","InnerPeace","CutThroughFate+1","CutThroughFate+1","Halt","Vault","ThirdEye+1","Wallop+1","LessonLearned"],"special_seed":0,"relics":["PureWater","Orrery","Smiling Mask","Regal Pillow","Bronze Scales","Mango","Snecko Eye","Anchor","Torii","GoldenEye","War Paint","Blood Vial"],"potions_floor_usage":[31],"damage_taken":[{"damage":0.0,"enemies":"2 Louse","floor":1.0,"turns":2.0},{"damage":5.0,"enemies":"Small Slimes","floor":2.0,"turns":3.0},{"damage":0.0,"enemies":"Cultist","floor":3.0,"turns":2.0},{"damage":1.0,"enemies":"Gremlin Gang","floor":5.0,"turns":4.0},{"damage":27.0,"enemies":"Lagavulin","floor":7.0,"turns":10.0},{"damage":15.0,"enemies":"3 Sentries","floor":10.0,"turns":8.0},{"damage":2.0,"enemies":"Large Slime","floor":11.0,"turns":3.0},{"damage":0.0,"enemies":"Blue Slaver","floor":12.0,"turns":2.0},{"damage":0.0,"enemies":"Red Slaver","floor":13.0,"turns":2.0},{"damage":6.0,"enemies":"Gremlin Nob","floor":14.0,"turns":3.0},{"damage":9.0,"enemies":"Hexaghost","floor":16.0,"turns":7.0},{"damage":0.0,"enemies":"3 Byrds","floor":18.0,"turns":3.0},{"damage":0.0,"enemies":"Spheric Guardian","floor":19.0,"turns":3.0},{"damage":1.0,"enemies":"Snake Plant","floor":20.0,"turns":4.0},{"damage":30.0,"enemies":"Gremlin Leader","floor":23.0,"turns":7.0},{"damage":0.0,"enemies":"3 Cultists","floor":28.0,"turns":4.0},{"damage":28,"enemies":"Book of Stabbing","floor":29,"turns":7},{"damage":29,"enemies":"Gremlin Leader","floor":31,"turns":8},{"damage":48,"enemies":"Champ","floor":33,"turns":11}],"seed_played":"-2659011551414069704","potions_obtained":[{"floor":1.0,"key":"LiquidBronze"},{"floor":2.0,"key":"Fruit Juice"},{"floor":3.0,"key":"StancePotion"},{"floor":12.0,"key":"Strength Potion"},{"floor":16.0,"key":"Explosive Potion"},{"floor":20.0,"key":"CultistPotion"},{"floor":29,"key":"Weak Potion"},{"floor":31,"key":"Ancient Potion"}],"is_trial":false,"path_per_floor":["M","M","M","$","M","R","E","R","T","E","M","M","M","E","R","B",null,"M","M","M","$","?","E","R","?","T","R","M","E","?","E","R","B"],"character_chosen":"WATCHER","items_purchased":["Orrery","Anchor"],"campfire_rested":1,"item_purchase_floors":[4,21],"current_hp_per_floor":[72,67,67,67,66,66,44,44,44,29,27,27,27,35,35,26,91,91,91,90,90,90,60,60,60,60,60,60,32,32,3,45,0],"gold":244,"neow_bonus":"HUNDRED_GOLD","is_prod":false,"is_daily":false,"chose_seed":false,"campfire_upgraded":5,"win_rate":0,"timestamp":1599099487,"path_taken":["M","M","M","$","M","R","E","R","T","E","M","M","M","E","R","BOSS","M","M","M","$","?","E","R","?","T","R","M","E","?","E","R","BOSS"],"build_version":"2020-07-30","purchased_purges":1,"victory":false,"max_hp_per_floor":[72,72,72,72,72,72,77,77,77,77,77,77,77,91,91,91,91,91,91,91,91,91,91,91,91,91,91,91,91,91,91,91,91],"card_choices":[{"not_picked":["Collect","Evaluate"],"picked":"Consecrate","floor":1.0},{"not_picked":["Consecrate","Evaluate"],"picked":"BowlingBash","floor":2.0},{"not_picked":["FlurryOfBlows","JustLucky"],"picked":"EmptyFist","floor":3.0},{"not_picked":["FlyingSleeves","Pray"],"picked":"TalkToTheHand","floor":4.0},{"not_picked":["ConjureBlade","Halt"],"picked":"ThirdEye","floor":4.0},{"not_picked":["CrushJoints","FlurryOfBlows"],"picked":"Sanctity","floor":4.0},{"not_picked":["CarveReality","ThirdEye"],"picked":"InnerPeace","floor":5.0},{"not_picked":["JustLucky","Consecrate","CrushJoints"],"picked":"SKIP","floor":7.0},{"not_picked":["WaveOfTheHand","Worship"],"picked":"CutThroughFate","floor":10.0},{"not_picked":["EmptyFist","Crescendo","Pray"],"picked":"SKIP","floor":11.0},{"not_picked":["WindmillStrike","Consecrate"],"picked":"CutThroughFate","floor":12.0},{"not_picked":["SashWhip","WaveOfTheHand"],"picked":"Halt","floor":13.0},{"not_picked":["Judgement","Collect","Crescendo"],"picked":"SKIP","floor":14.0},{"not_picked":["DeusExMachina","MasterReality"],"picked":"Vault","floor":16.0},{"not_picked":["Evaluate","Consecrate+1"],"picked":"ThirdEye+1","floor":18.0},{"not_picked":["CutThroughFate","Sanctity","Halt"],"picked":"SKIP","floor":19.0},{"not_picked":["Collect","Wireheading","Crescendo"],"picked":"SKIP","floor":20.0},{"not_picked":["Tantrum+1","FlyingSleeves"],"picked":"LessonLearned","floor":23.0},{"not_picked":["EmptyFist","SashWhip","FollowUp"],"picked":"SKIP","floor":28.0},{"not_picked":["WindmillStrike","SashWhip","Wireheading"],"picked":"SKIP","floor":29},{"not_picked":["ClearTheMind","Halt+1","Establishment"],"picked":"SKIP","floor":31}],"player_experience":202467,"relics_obtained":[{"floor":7.0,"key":"Smiling Mask"},{"floor":9.0,"key":"Regal Pillow"},{"floor":10.0,"key":"Bronze Scales"},{"floor":14.0,"key":"Mango"},{"floor":23.0,"key":"Torii"},{"floor":26.0,"key":"GoldenEye"},{"floor":29,"key":"War Paint"},{"floor":31,"key":"Blood Vial"}],"event_choices":[{"damage_healed":0.0,"max_hp_gain":0.0,"max_hp_loss":0.0,"gold_gain":0.0,"event_name":"The Library","player_choice":"Read","floor":22.0,"gold_loss":0.0,"damage_taken":0.0,"cards_obtained":["Wallop"]},{"cards_removed":["Defend_P"],"damage_healed":0.0,"max_hp_gain":0.0,"max_hp_loss":0.0,"gold_gain":0.0,"event_name":"Back to Basics","player_choice":"Elegance","floor":25.0,"gold_loss":0.0,"damage_taken":0.0},{"cards_removed":["Strike_P"],"damage_healed":0,"gold_gain":0,"player_choice":"Gave Gold","damage_taken":0,"max_hp_gain":0,"max_hp_loss":0,"event_name":"Beggar","floor":30,"gold_loss":75}],"is_beta":false,"boss_relics":[{"not_picked":["Ectoplasm","SlaversCollar"],"picked":"Snecko Eye"}],"items_purged_floors":[21],"is_endless":false,"potions_floor_spawned":[1,2,3,12,16,20,29,31],"killed_by":"Champ","ascension_level":4}