{"gold_per_floor":[118,118,130,140,154,182,198,229,253,273,273,303,157,195,195,269,269,287,332,93,109,125,153,189,35,62,91,130,170,210,222,222,299,299,313,97,112,156,196,255,291,325,325,325,382,407,25,64,64,89,89,89,16,50,50],"floor_reached":56,"playtime":7946,"items_purged":["Strike_P","Strike_P","Defend_P","Defend_P+1"],"score":2447,"play_id":"4afcfd6e-7054-4e9f-93a9-712cd23a7f3f","local_time":"20210825154035","is_ascension_mode":true,"campfire_choices":[{"data":"BowlingBash","floor":11.0,"key":"SMITH"},{"data":"LessonLearned","floor":15.0,"key":"SMITH"},{"floor":32.0,"key":"RECALL"},{"floor":44.0,"key":"REST"},{"floor":49.0,"key":"REST"},{"floor":52.0,"key":"REST"}],"neow_cost":"TEN_PERCENT_HP_LOSS","seed_source_timestamp":0,"circlet_count":0,"master_deck":["AscendersBane","Strike_P+1","Strike_P+1","Defend_P+1","Defend_P+1","Eruption+1","Vigilance+1","BowlingBash+1","CutThroughFate+1","CutThroughFate+1","ThirdEye+1","Weave+1","Brilliance+1","Wish+1","LessonLearned+1","CutThroughFate+1","Scrawl+1","EmptyFist+1","TalkToTheHand+1","Crescendo+1","WaveOfTheHand+1","Indignation+1","TalkToTheHand+1","Blasphemy+1","Weave+1","Protect+1","FearNoEvil+1","Weave","TalkToTheHand+1","ThirdEye"],"special_seed":0,"relics":["PureWater","GoldenEye","FaceOfCleric","MealTicket","Mango","Whetstone","Anchor","Fusion Hammer","Membership Card","Oddly Smooth Stone","Bronze Scales","Frozen Eye","Potion Belt","Boot","Busted Crown","Bag of Marbles","Toolbox","Happy Flower","Juzu Bracelet","Pear","Calipers","Torii","Bag of Preparation","ClockworkSouvenir","DollysMirror","Bottled Flame"],"potions_floor_usage":[55,55,55],"damage_taken":[{"damage":4.0,"enemies":"Jaw Worm","floor":1.0,"turns":5.0},{"damage":0.0,"enemies":"Cultist","floor":3.0,"turns":2.0},{"damage":2.0,"enemies":"2 Louse","floor":4.0,"turns":3.0},{"damage":0.0,"enemies":"Exordium Wildlife","floor":5.0,"turns":3.0},{"damage":13.0,"enemies":"Lagavulin","floor":6.0,"turns":7.0},{"damage":11.0,"enemies":"Lots of Slimes","floor":7.0,"turns":5.0},{"damage":15.0,"enemies":"3 Sentries","floor":8.0,"turns":4.0},{"damage":1.0,"enemies":"Blue Slaver","floor":10.0,"turns":4.0},{"damage":0.0,"enemies":"Gremlin Nob","floor":12.0,"turns":2.0},{"damage":3.0,"enemies":"Exordium Wildlife","floor":14.0,"turns":6.0},{"damage":0.0,"enemies":"Slime Boss","floor":16.0,"turns":4.0},{"damage":0.0,"enemies":"Shell Parasite","floor":18.0,"turns":1.0},{"damage":0.0,"enemies":"Spheric Guardian","floor":19.0,"turns":3.0},{"damage":0.0,"enemies":"Snake Plant","floor":21.0,"turns":2.0},{"damage":0.0,"enemies":"Sentry and Sphere","floor":22.0,"turns":3.0},{"damage":0.0,"enemies":"Gremlin Leader","floor":23.0,"turns":4.0},{"damage":7.0,"enemies":"Cultist and Chosen","floor":24.0,"turns":6.0},{"damage":0.0,"enemies":"Book of Stabbing","floor":27.0,"turns":6.0},{"damage":2.0,"enemies":"Shelled Parasite and Fungi","floor":28.0,"turns":3.0},{"damage":0.0,"enemies":"Centurion and Healer","floor":29.0,"turns":5.0},{"damage":22.0,"enemies":"Snecko","floor":30.0,"turns":7.0},{"damage":0.0,"enemies":"Snake Plant","floor":31.0,"turns":3.0},{"damage":26.0,"enemies":"Automaton","floor":33.0,"turns":9.0},{"damage":0.0,"enemies":"Orb Walker","floor":35.0,"turns":3.0},{"damage":0.0,"enemies":"3 Darklings","floor":37.0,"turns":2.0},{"damage":25.0,"enemies":"Sphere and 2 Shapes","floor":38.0,"turns":6.0},{"damage":15.0,"enemies":"Writhing Mass","floor":39.0,"turns":7.0},{"damage":6.0,"enemies":"Nemesis","floor":40.0,"turns":7.0},{"damage":6.0,"enemies":"Jaw Worm Horde","floor":41.0,"turns":4.0},{"damage":0.0,"enemies":"Reptomancer","floor":42.0,"turns":2.0},{"damage":0.0,"enemies":"Nemesis","floor":45.0,"turns":5.0},{"damage":17.0,"enemies":"Mind Bloom Boss Battle","floor":46.0,"turns":4.0},{"damage":6.0,"enemies":"Sphere and 2 Shapes","floor":48.0,"turns":3.0},{"damage":42.0,"enemies":"Awakened One","floor":50.0,"turns":14.0},{"damage":0.0,"enemies":"Shield and Spear","floor":54.0,"turns":4.0},{"damage":23,"enemies":"The Heart","floor":55,"turns":8}],"seed_played":"-1065166096096992744","potions_obtained":[{"floor":4.0,"key":"PowerPotion"},{"floor":5.0,"key":"EntropicBrew"},{"floor":6.0,"key":"Ambrosia"},{"floor":12.0,"key":"LiquidBronze"},{"floor":14.0,"key":"Fire Potion"},{"floor":19.0,"key":"LiquidBronze"},{"floor":23.0,"key":"FearPotion"},{"floor":27.0,"key":"DistilledChaos"},{"floor":33.0,"key":"Swift Potion"},{"floor":39.0,"key":"ColorlessPotion"},{"floor":42.0,"key":"StancePotion"},{"floor":48.0,"key":"BlessingOfTheForge"}],"is_trial":false,"path_per_floor":["M","?","M","M","M","E","M","E","T","M","R","E","$","M","R","B",null,"M","M","$","M","M","E","M","$","T","E","M","M","M","M","R","B",null,"M","$","M","M","M","E","M","E","T","R","E","?","$","M","R","B",null,"R","$","E","B",null],"character_chosen":"WATCHER","items_purchased":["LessonLearned","Membership Card","TalkToTheHand","Bronze Scales","Frozen Eye","Bag of Marbles","Toolbox","Torii","Bag of Preparation","ClockworkSouvenir","DollysMirror"],"campfire_rested":3,"item_purchase_floors":[13,20,20,25,25,36,36,47,47,47,53],"current_hp_per_floor":[57,57,58,57,58,46,36,36,36,36,36,37,52,50,50,51,77,78,79,88,89,90,91,85,92,92,93,92,93,72,73,73,48,86,87,99,100,76,62,57,52,53,53,84,95,79,94,89,118,77,109,119,119,120,98],"gold":50,"neow_bonus":"ONE_RARE_RELIC","is_prod":false,"is_daily":false,"chose_seed":false,"campfire_upgraded":2,"win_rate":0,"timestamp":1629931235,"path_taken":["M","?","?","M","M","E","M","E","T","M","R","E","$","M","R","BOSS","M","M","$","M","M","E","M","$","T","E","M","M","M","M","R","BOSS","M","$","M","?","M","E","M","E","T","R","E","?","$","M","R","BOSS","R","$","E","BOSS"],"build_version":"2020-12-22","purchased_purges":4,"victory":true,"max_hp_per_floor":[62,62,63,64,65,66,67,82,82,83,83,84,84,85,85,86,86,87,88,88,89,90,91,92,92,92,93,94,95,96,97,97,98,98,99,99,100,101,102,103,104,105,105,105,116,117,117,118,118,119,119,119,119,120,121],"relic_stats":{"Calipers":[397],"Happy Flower":[14],"Torii":1,"counters":[36,166],"Juzu Bracelet":0,"Bag of Preparation":[8],"Whetstone":["Eruption","Weave"],"GoldenEye":[205],"Boot":[91],"Frozen Eye":31.700296,"Bottled Flame":"TalkToTheHand","Busted Crown":22,"FaceOfCleric":35,"Bronze Scales":[391],"MealTicket":58,"Membership Card":904,"PureWater":[22],"obtain_stats":[{"Calipers":46,"Torii":47,"Mango":8,"Juzu Bracelet":42,"Bag of Preparation":47,"Whetstone":9,"Boot":27,"ClockworkSouvenir":47,"Frozen Eye":25,"FaceOfCleric":2,"DollysMirror":53,"Toolbox":36,"MealTicket":6,"Fusion Hammer":17,"Potion Belt":26,"Pear":45,"Happy Flower":40,"Oddly Smooth Stone":23,"GoldenEye":0,"Anchor":12,"Bottled Flame":54,"Busted Crown":34,"Bronze Scales":25,"Bag of Marbles":36,"Membership Card":20,"PureWater":0},{"Calipers":32,"Torii":32,"Mango":7,"Juzu Bracelet":30,"Bag of Preparation":32,"Whetstone":7,"Boot":18,"ClockworkSouvenir":32,"Frozen Eye":17,"FaceOfCleric":1,"DollysMirror":34,"Toolbox":24,"MealTicket":5,"Fusion Hammer":11,"Potion Belt":17,"Pear":31,"Happy Flower":28,"Oddly Smooth Stone":16,"GoldenEye":0,"Anchor":9,"Bottled Flame":35,"Busted Crown":23,"Bronze Scales":17,"Bag of Marbles":24,"Membership Card":13,"PureWater":0},{"Calipers":137,"Torii":137,"Mango":29,"Juzu Bracelet":128,"Bag of Preparation":137,"Whetstone":29,"Boot":70,"ClockworkSouvenir":137,"Frozen Eye":64,"FaceOfCleric":5,"DollysMirror":154,"Toolbox":100,"MealTicket":20,"Fusion Hammer":45,"Potion Belt":64,"Pear":133,"Happy Flower":122,"Oddly Smooth Stone":58,"GoldenEye":0,"Anchor":35,"Bottled Flame":158,"Busted Crown":97,"Bronze Scales":64,"Bag of Marbles":100,"Membership Card":49,"PureWater":0}]},"card_choices":[{"not_picked":["Prostrate","ClearTheMind"],"picked":"BowlingBash","floor":1.0},{"not_picked":["Collect","Nirvana"],"picked":"CutThroughFate","floor":3.0},{"not_picked":["LikeWater","Halt"],"picked":"CutThroughFate","floor":4.0},{"not_picked":["Meditate","CrushJoints"],"picked":"ThirdEye","floor":5.0},{"not_picked":["Halt","Adaptation"],"picked":"Weave","floor":6.0},{"not_picked":["BattleHymn","WindmillStrike","Protect"],"picked":"SKIP","floor":7.0},{"not_picked":["CarveReality","Perseverance","FlyingSleeves"],"picked":"SKIP","floor":8.0},{"not_picked":["Perseverance","FlyingSleeves"],"picked":"Brilliance","floor":10.0},{"not_picked":["CrushJoints","Evaluate"],"picked":"Wish","floor":12.0},{"not_picked":["EmptyBody","SashWhip"],"picked":"CutThroughFate","floor":14.0},{"not_picked":["Devotion","Wish"],"picked":"Scrawl","floor":16.0},{"not_picked":["Protect","FlurryOfBlows","FollowUp"],"picked":"SKIP","floor":18.0},{"not_picked":["SashWhip","BowlingBash"],"picked":"EmptyFist","floor":19.0},{"not_picked":["Protect","DeceiveReality+1"],"picked":"Crescendo","floor":21.0},{"not_picked":["FlurryOfBlows","Prostrate","BowlingBash"],"picked":"SKIP","floor":22.0},{"not_picked":["Worship","CutThroughFate","Alpha"],"picked":"SKIP","floor":23.0},{"not_picked":["DeceiveReality","Worship"],"picked":"WaveOfTheHand","floor":24.0},{"not_picked":["ReachHeaven+1","CrushJoints"],"picked":"Indignation+1","floor":27.0},{"not_picked":["CrushJoints","PathToVictory"],"picked":"TalkToTheHand","floor":28.0},{"not_picked":["EmptyMind","WaveOfTheHand","WindmillStrike"],"picked":"SKIP","floor":29.0},{"not_picked":["FollowUp","Sanctity","WaveOfTheHand"],"picked":"SKIP","floor":30.0},{"not_picked":["Prostrate","PathToVictory","WindmillStrike"],"picked":"SKIP","floor":31.0},{"not_picked":["LessonLearned","Devotion"],"picked":"Blasphemy","floor":33.0},{"not_picked":["Sanctity+1"],"picked":"SKIP","floor":35.0},{"not_picked":[],"picked":"Weave","floor":37.0},{"not_picked":["Prostrate"],"picked":"SKIP","floor":38.0},{"not_picked":[],"picked":"Protect+1","floor":39.0},{"not_picked":[],"picked":"FearNoEvil+1","floor":40.0},{"not_picked":["Fasting2"],"picked":"SKIP","floor":41.0},{"not_picked":["Fasting2"],"picked":"SKIP","floor":42.0},{"not_picked":["Prostrate"],"picked":"SKIP","floor":45.0},{"not_picked":[],"picked":"Weave","floor":48.0},{"not_picked":[],"picked":"ThirdEye","floor":54.0}],"player_experience":582911,"relics_obtained":[{"floor":6.0,"key":"MealTicket"},{"floor":8.0,"key":"Mango"},{"floor":9.0,"key":"Whetstone"},{"floor":12.0,"key":"Anchor"},{"floor":23.0,"key":"Oddly Smooth Stone"},{"floor":26.0,"key":"Potion Belt"},{"floor":27.0,"key":"Boot"},{"floor":40.0,"key":"Happy Flower"},{"floor":42.0,"key":"Juzu Bracelet"},{"floor":45.0,"key":"Pear"},{"floor":46.0,"key":"Calipers"},{"floor":54.0,"key":"Bottled Flame"}],"event_choices":[{"damage_healed":0.0,"max_hp_gain":0.0,"max_hp_loss":0.0,"gold_gain":0.0,"event_name":"FaceTrader","player_choice":"Trade","floor":2.0,"gold_loss":0.0,"damage_taken":0.0,"relics_obtained":["FaceOfCleric"]},{"damage_healed":0.0,"max_hp_gain":0.0,"max_hp_loss":0.0,"gold_gain":0.0,"event_name":"MindBloom","player_choice":"Fight","floor":46.0,"gold_loss":0.0,"damage_taken":0.0}],"is_beta":false,"boss_relics":[{"not_picked":["Snecko Eye","Empty Cage"],"picked":"Fusion Hammer"},{"not_picked":["Sozu","SacredBark"],"picked":"Busted Crown"}],"items_purged_floors":[13,20,36,47],"is_endless":false,"potions_floor_spawned":[4,5,6,12,14,18,19,21,23,27,33,39,42,48],"ascension_level":15}