{"gold_per_floor":[110,128,148,168,168,168,202,202,202,218,251,270,308,344,344,432,432,461,12,37,37,65,106,106,106,132,170,199,223,100,139,139,221,266,276,276,302,316,316,353,353,146,146,183,193,233,253,172,172,172,172,172,24,66,66],"floor_reached":56,"playtime":7537,"items_purged":["Strike_P"],"score":2446,"play_id":"67c31c53-457d-4cd9-88bd-de255acf79a8","local_time":"20210831161252","is_ascension_mode":true,"campfire_choices":[{"data":"Eruption","floor":6.0,"key":"SMITH"},{"floor":8.0,"key":"REST"},{"data":"ForeignInfluence","floor":15.0,"key":"SMITH"},{"data":"Scrawl","floor":25.0,"key":"SMITH"},{"data":"Wallop","floor":32,"key":"SMITH"},{"data":"Wallop","floor":41,"key":"SMITH"},{"floor":49,"key":"RECALL"},{"data":"Adaptation","floor":52,"key":"SMITH"}],"neow_cost":"NONE","seed_source_timestamp":660844855230403,"circlet_count":0,"master_deck":["AscendersBane","Eruption+1","Vigilance","CurseOfTheBell","CutThroughFate","Wallop+1","ForeignInfluence+1","Sanctity","Wallop+1","EmptyFist+1","BowlingBash+1","Weave+1","CutThroughFate+1","WheelKick+1","Scrawl+1","SashWhip+1","ForeignInfluence+1","Vengeance+1","Crescendo+1","CutThroughFate+1","Protect+1","CrushJoints+1","ThirdEye+1","Vault+1","Omniscience+1","Nirvana","SpiritShield+1","Protect+1","Halt+1","DeusExMachina+1","Adaptation+1","Weave+1","FollowUp+1","ThirdEye+1","TalkToTheHand+1","TalkToTheHand+1","Wish+1","JustLucky+1"],"special_seed":0,"relics":["Calling Bell","Tiny Chest","White Beast Statue","Dead Branch","Question Card","Molten Egg 2","Happy Flower","CeramicFish","Odd Mushroom","SlaversCollar","Toxic Egg 2","ClockworkSouvenir","Mummified Hand","Blood Vial","Damaru","Yang","Pandora\u0027s Box","Pen Nib","Potion Belt","Eternal Feather","Juzu Bracelet","Toy Ornithopter","Lantern"],"potions_floor_usage":[31,31,35,38,50,55,55,55,55],"damage_taken":[{"damage":0.0,"enemies":"Small Slimes","floor":1.0,"turns":5.0},{"damage":6.0,"enemies":"2 Louse","floor":2.0,"turns":3.0},{"damage":0.0,"enemies":"Cultist","floor":3.0,"turns":2.0},{"damage":8.0,"enemies":"Blue Slaver","floor":4.0,"turns":3.0},{"damage":16.0,"enemies":"Gremlin Nob","floor":7.0,"turns":3.0},{"damage":0.0,"enemies":"Gremlin Gang","floor":10.0,"turns":3.0},{"damage":2.0,"enemies":"3 Sentries","floor":11.0,"turns":7.0},{"damage":0.0,"enemies":"2 Fungi Beasts","floor":12.0,"turns":2.0},{"damage":6.0,"enemies":"Gremlin Nob","floor":13.0,"turns":4.0},{"damage":0.0,"enemies":"The Mushroom Lair","floor":14.0,"turns":2.0},{"damage":0.0,"enemies":"Slime Boss","floor":16.0,"turns":6.0},{"damage":0.0,"enemies":"Spheric Guardian","floor":18.0,"turns":2.0},{"damage":12.0,"enemies":"2 Thieves","floor":20.0,"turns":3.0},{"damage":0.0,"enemies":"Centurion and Healer","floor":22.0,"turns":2.0},{"damage":11.0,"enemies":"Slavers","floor":23.0,"turns":3.0},{"damage":3.0,"enemies":"Book of Stabbing","floor":27.0,"turns":4.0},{"damage":0.0,"enemies":"Sentry and Sphere","floor":28.0,"turns":2.0},{"damage":6.0,"enemies":"Snake Plant","floor":29.0,"turns":3.0},{"damage":1,"enemies":"Gremlin Leader","floor":31,"turns":5},{"damage":24,"enemies":"Champ","floor":33,"turns":9},{"damage":0,"enemies":"3 Darklings","floor":35,"turns":4},{"damage":0,"enemies":"Orb Walker","floor":37,"turns":4},{"damage":0,"enemies":"Transient","floor":38,"turns":5},{"damage":0,"enemies":"Nemesis","floor":40,"turns":7},{"damage":0,"enemies":"Reptomancer","floor":44,"turns":2},{"damage":0,"enemies":"4 Shapes","floor":45,"turns":3},{"damage":0,"enemies":"Giant Head","floor":46,"turns":5},{"damage":0,"enemies":"Sphere and 2 Shapes","floor":47,"turns":3},{"damage":48,"enemies":"Awakened One","floor":50,"turns":11},{"damage":1,"enemies":"Shield and Spear","floor":54,"turns":8},{"damage":0,"enemies":"The Heart","floor":55,"turns":5}],"seed_played":"-8901929056745443788","potions_obtained":[{"floor":1.0,"key":"Swift Potion"},{"floor":2.0,"key":"Explosive Potion"},{"floor":3.0,"key":"SpeedPotion"},{"floor":4.0,"key":"Dexterity Potion"},{"floor":7.0,"key":"ColorlessPotion"},{"floor":10.0,"key":"SteroidPotion"},{"floor":11.0,"key":"Dexterity Potion"},{"floor":12.0,"key":"Fruit Juice"},{"floor":13.0,"key":"Energy Potion"},{"floor":16.0,"key":"BlessingOfTheForge"},{"floor":18.0,"key":"BlessingOfTheForge"},{"floor":20.0,"key":"FearPotion"},{"floor":22.0,"key":"Explosive Potion"},{"floor":23.0,"key":"GamblersBrew"},{"floor":27.0,"key":"Dexterity Potion"},{"floor":29.0,"key":"PowerPotion"},{"floor":31,"key":"FearPotion"},{"floor":33,"key":"SkillPotion"},{"floor":35,"key":"DuplicationPotion"},{"floor":38,"key":"SpeedPotion"},{"floor":44,"key":"StancePotion"},{"floor":45,"key":"Swift Potion"},{"floor":46,"key":"Strength Potion"},{"floor":47,"key":"Weak Potion"},{"floor":54,"key":"DuplicationPotion"}],"is_trial":false,"path_per_floor":["M","M","M","M","?","R","E","R","T","M","E","M","E","?","R","B",null,"M","$","M","?","M","E","T","R","T","E","M","M","$","E","R","B",null,"M","?","M","M","?","E","R","$","T","E","M","E","M","$","R","B",null,"R","$","E","B",null],"character_chosen":"WATCHER","items_purchased":["Toxic Egg 2","ClockworkSouvenir","ThirdEye+1","Potion Belt","Adaptation","TalkToTheHand+1","TalkToTheHand+1","Wish+1"],"campfire_rested":1,"item_purchase_floors":[19,19,30,42,42,48,53,53],"current_hp_per_floor":[61,55,55,47,40,40,24,44,44,44,42,47,41,41,41,41,65,65,65,53,53,53,42,42,42,42,41,43,39,39,40,40,18,59,61,61,63,65,65,67,67,67,67,69,71,73,73,73,73,30,62,73,73,72,73],"gold":66,"neow_bonus":"BOSS_RELIC","is_prod":false,"is_daily":false,"chose_seed":false,"campfire_upgraded":6,"win_rate":0,"timestamp":1630451572,"path_taken":["M","M","M","M","?","R","E","R","T","M","E","M","E","?","R","BOSS","M","$","M","?","M","E","?","R","T","E","M","M","$","E","R","BOSS","M","?","?","M","?","E","R","$","T","E","M","E","M","$","R","BOSS","R","$","E","BOSS"],"build_version":"2020-12-22","purchased_purges":1,"victory":true,"max_hp_per_floor":[68,68,68,68,68,68,68,68,68,68,68,73,73,73,73,73,73,73,73,73,73,73,73,73,73,73,73,73,73,73,73,73,73,73,73,73,73,73,73,73,73,73,73,73,73,73,73,73,73,73,73,73,73,73,73],"relic_stats":{"Happy Flower":[34],"counters":[31,130],"Dead Branch":[136],"CeramicFish":252,"Yang":[214],"Eternal Feather":11,"Pen Nib":[13],"Juzu Bracelet":0,"Question Card":24,"White Beast Statue":[0.0,0.0,0.0,0.4,0.0,0.6000000000000001,0.0,0.0,0.0,0.0,0.0,13.093944616960007],"Blood Vial":25,"Mummified Hand":[37],"Tiny Chest":1,"Pandora\u0027s Box":["Devotion","Nirvana","SandsOfTime","SpiritShield","Protect"],"obtain_stats":[{"Potion Belt":42,"Lantern":54,"Happy Flower":11,"Dead Branch":0,"CeramicFish":13,"Damaru":27,"Yang":31,"Eternal Feather":43,"Pen Nib":40,"Juzu Bracelet":44,"Odd Mushroom":14,"Question Card":7,"White Beast Statue":0,"ClockworkSouvenir":19,"Calling Bell":0,"Blood Vial":24,"SlaversCollar":17,"Mummified Hand":23,"Tiny Chest":0,"Molten Egg 2":9,"Pandora\u0027s Box":34,"PureWater":0,"Toxic Egg 2":19,"Toy Ornithopter":46},{"Potion Belt":24,"Lantern":30,"Happy Flower":7,"Dead Branch":0,"CeramicFish":9,"Damaru":16,"Yang":19,"Eternal Feather":24,"Pen Nib":24,"Juzu Bracelet":25,"Odd Mushroom":10,"Question Card":5,"White Beast Statue":0,"ClockworkSouvenir":12,"Calling Bell":0,"Blood Vial":15,"SlaversCollar":11,"Mummified Hand":15,"Tiny Chest":0,"Molten Egg 2":5,"Pandora\u0027s Box":20,"PureWater":0,"Toxic Egg 2":12,"Toy Ornithopter":27},{"Potion Belt":93,"Lantern":125,"Happy Flower":26,"Dead Branch":0,"CeramicFish":32,"Damaru":54,"Yang":64,"Eternal Feather":93,"Pen Nib":93,"Juzu Bracelet":95,"Odd Mushroom":34,"Question Card":16,"White Beast Statue":0,"ClockworkSouvenir":42,"Calling Bell":0,"Blood Vial":50,"SlaversCollar":40,"Mummified Hand":50,"Tiny Chest":0,"Molten Egg 2":16,"Pandora\u0027s Box":73,"PureWater":0,"Toxic Egg 2":42,"Toy Ornithopter":103}],"Toy Ornithopter":5},"card_choices":[{"not_picked":["Protect","FlurryOfBlows"],"picked":"CutThroughFate","floor":1.0},{"not_picked":["MentalFortress","Pray"],"picked":"Wallop","floor":2.0},{"not_picked":["EmptyFist","BowlingBash"],"picked":"ForeignInfluence","floor":3.0},{"not_picked":["Worship","SignatureMove"],"picked":"Sanctity","floor":4.0},{"not_picked":["Omniscience","Vengeance"],"picked":"Wallop","floor":7.0},{"not_picked":["Study","Evaluate","Consecrate+1"],"picked":"EmptyFist+1","floor":10.0},{"not_picked":["Swivel","Collect","Protect"],"picked":"BowlingBash+1","floor":11.0},{"not_picked":["ForeignInfluence","Omniscience","PathToVictory"],"picked":"Weave+1","floor":12.0},{"not_picked":["EmptyBody","Halt","Tantrum+1"],"picked":"CutThroughFate+1","floor":13.0},{"not_picked":["CrushJoints+1","Evaluate","Consecrate+1"],"picked":"WheelKick+1","floor":14.0},{"not_picked":["MasterReality","DeusExMachina","Devotion"],"picked":"Scrawl","floor":16.0},{"not_picked":["CutThroughFate+1","ThirdEye","FollowUp+1"],"picked":"SashWhip+1","floor":18.0},{"not_picked":["SandsOfTime+1","Protect+1","BowlingBash+1"],"picked":"ForeignInfluence+1","floor":20.0},{"not_picked":["Prostrate+1","SignatureMove+1","PathToVictory+1"],"picked":"Vengeance+1","floor":22.0},{"not_picked":["Conclude+1","FearNoEvil+1","JustLucky+1"],"picked":"Crescendo+1","floor":23.0},{"not_picked":["JustLucky+1","EmptyBody+1","BowlingBash+1"],"picked":"CutThroughFate+1","floor":27.0},{"not_picked":["FlyingSleeves+1","FlurryOfBlows+1","Crescendo+1"],"picked":"Protect+1","floor":28.0},{"not_picked":["Perseverance+1","WaveOfTheHand+1","FlurryOfBlows+1"],"picked":"CrushJoints+1","floor":29.0},{"not_picked":["JustLucky+1","Protect+1","Devotion"],"picked":"Vault+1","floor":31},{"not_picked":["Alpha+1","DevaForm","Brilliance+1"],"picked":"Omniscience+1","floor":33},{"not_picked":["Vengeance+1","Sanctity+1","FlurryOfBlows+1","CrushJoints+1"],"picked":"SKIP","floor":35},{"not_picked":["Protect+1","CarveReality+1","Pray+1"],"picked":"Halt+1","floor":37},{"not_picked":["FlyingSleeves+1","Prostrate+1","BowlingBash+1","Collect+1"],"picked":"SKIP","floor":38},{"not_picked":["Wireheading","Crescendo+1","Indignation+1"],"picked":"DeusExMachina+1","floor":40},{"not_picked":["WindmillStrike+1","CutThroughFate+1","FearNoEvil+1"],"picked":"Weave+1","floor":44},{"not_picked":["Vengeance+1","CrushJoints+1","Weave+1","PathToVictory+1"],"picked":"SKIP","floor":45},{"not_picked":["Protect+1","SashWhip+1","CarveReality+1"],"picked":"FollowUp+1","floor":46},{"not_picked":["JustLucky+1","Swivel+1","EmptyFist+1"],"picked":"ThirdEye+1","floor":47},{"not_picked":["CrushJoints+1","BattleHymn+1","Study"],"picked":"JustLucky+1","floor":54}],"player_experience":599815,"relics_obtained":[{"floor":0.0,"key":"Tiny Chest"},{"floor":0.0,"key":"White Beast Statue"},{"floor":0.0,"key":"Dead Branch"},{"floor":7.0,"key":"Question Card"},{"floor":9.0,"key":"Molten Egg 2"},{"floor":11.0,"key":"Happy Flower"},{"floor":13.0,"key":"CeramicFish"},{"floor":14.0,"key":"Odd Mushroom"},{"floor":23.0,"key":"Mummified Hand"},{"floor":24.0,"key":"Blood Vial"},{"floor":27.0,"key":"Damaru"},{"floor":31,"key":"Yang"},{"floor":40,"key":"Pen Nib"},{"floor":43,"key":"Eternal Feather"},{"floor":44,"key":"Juzu Bracelet"},{"floor":46,"key":"Toy Ornithopter"},{"floor":54,"key":"Lantern"}],"event_choices":[{"cards_removed":["Defend_P"],"damage_healed":0.0,"max_hp_gain":0.0,"max_hp_loss":0.0,"gold_gain":0.0,"event_name":"Golden Wing","player_choice":"Card Removal","floor":5.0,"gold_loss":0.0,"damage_taken":7.0},{"damage_healed":0.0,"max_hp_gain":0.0,"max_hp_loss":0.0,"gold_gain":0.0,"event_name":"Mushrooms","player_choice":"Fought Mushrooms","floor":14.0,"gold_loss":0.0,"damage_taken":0.0},{"cards_removed":["Defend_P"],"damage_healed":0.0,"max_hp_gain":0.0,"max_hp_loss":0.0,"gold_gain":0.0,"event_name":"Wheel of Change","player_choice":"Card Removal","floor":21.0,"gold_loss":0.0,"damage_taken":0.0},{"cards_removed":["SandsOfTime"],"damage_healed":0,"gold_gain":0,"player_choice":"Purged","damage_taken":0,"max_hp_gain":0,"max_hp_loss":0,"event_name":"Purifier","floor":36,"gold_loss":0},{"cards_removed":["Devotion"],"damage_healed":0,"gold_gain":0,"player_choice":"Removed Power","damage_taken":0,"max_hp_gain":0,"max_hp_loss":0,"event_name":"Falling","floor":39,"gold_loss":0}],"is_beta":false,"boss_relics":[{"not_picked":["Fusion Hammer","Tiny House"],"picked":"SlaversCollar"},{"not_picked":["Velvet Choker","Empty Cage"],"picked":"Pandora\u0027s Box"}],"items_purged_floors":[30],"is_endless":false,"potions_floor_spawned":[1,2,3,4,7,10,11,12,13,14,16,18,20,22,23,27,28,29,31,33,35,37,38,40,44,45,46,47,54],"ascension_level":16}