{"gold_per_floor":[116,136,136,151,171,203,203,216,216,216,243,243,243,273,273,348,348,361,376,46,46,59,59,59,59],"floor_reached":25,"playtime":1960,"items_purged":[],"score":455,"play_id":"a0417dde-a043-4663-a787-1d8716362105","local_time":"20210908042039","is_ascension_mode":true,"campfire_choices":[{"data":"Vault","floor":7.0,"key":"SMITH"},{"floor":10.0,"key":"REST"},{"data":"Eruption","floor":12.0,"key":"SMITH"},{"data":"MentalFortress","floor":15.0,"key":"SMITH"},{"data":"Omniscience","floor":23.0,"key":"SMITH"}],"neow_cost":"TEN_PERCENT_HP_LOSS","seed_source_timestamp":77195819131921,"circlet_count":0,"master_deck":["AscendersBane","Strike_P","Strike_P","Strike_P","Defend_P+1","Defend_P+1","Eruption+1","Vigilance","Vault+1","FlurryOfBlows","CrushJoints","MentalFortress+1","FlyingSleeves","ClearTheMind","FollowUp","Protect","Vengeance","Omniscience+1","WindmillStrike+1","Scrawl+1","WindmillStrike+1","Protect+1","Adaptation","Vault","RitualDagger","WaveOfTheHand","TalkToTheHand"],"special_seed":0,"relics":["PureWater","Potion Belt","TungstenRod","Unceasing Top","Shovel","Omamori","Astrolabe","Orichalcum"],"potions_floor_usage":[25,25],"damage_taken":[{"damage":10.0,"enemies":"Small Slimes","floor":1.0,"turns":6.0},{"damage":0.0,"enemies":"Jaw Worm","floor":2.0,"turns":4.0},{"damage":0.0,"enemies":"2 Louse","floor":4.0,"turns":2.0},{"damage":9.0,"enemies":"Looter","floor":5.0,"turns":4.0},{"damage":0.0,"enemies":"Lagavulin","floor":6.0,"turns":6.0},{"damage":6.0,"enemies":"Large Slime","floor":8.0,"turns":7.0},{"damage":2.0,"enemies":"3 Sentries","floor":11.0,"turns":8.0},{"damage":3.0,"enemies":"Lagavulin","floor":14.0,"turns":7.0},{"damage":6.0,"enemies":"Hexaghost","floor":16.0,"turns":10.0},{"damage":11.0,"enemies":"Shell Parasite","floor":18.0,"turns":6.0},{"damage":0.0,"enemies":"Chosen","floor":19.0,"turns":2.0},{"damage":10.0,"enemies":"3 Cultists","floor":22.0,"turns":6.0},{"damage":29,"enemies":"Gremlin Leader","floor":25,"turns":7}],"seed_played":"-2989636744309417954","potions_obtained":[{"floor":4.0,"key":"DistilledChaos"},{"floor":8.0,"key":"DistilledChaos"},{"floor":14.0,"key":"Explosive Potion"},{"floor":16.0,"key":"Block Potion"},{"floor":18.0,"key":"SpeedPotion"},{"floor":22.0,"key":"BlessingOfTheForge"}],"is_trial":false,"path_per_floor":["M","M","?","M","M","E","R","M","T","R","E","R","?","E","R","B",null,"M","M","$","?","M","R","?","E"],"character_chosen":"WATCHER","items_purchased":["Orichalcum","Vault"],"campfire_rested":1,"item_purchase_floors":[20,20],"current_hp_per_floor":[51,51,32,32,23,23,23,17,17,35,33,33,24,21,21,15,50,39,39,39,34,24,24,24,0],"gold":59,"neow_bonus":"THREE_RARE_CARDS","is_prod":false,"is_daily":false,"chose_seed":false,"campfire_upgraded":4,"win_rate":0,"timestamp":1631092839,"path_taken":["M","M","?","M","M","E","R","M","T","R","E","R","?","E","R","BOSS","M","M","$","?","M","R","?","E"],"build_version":"2020-12-22","purchased_purges":0,"victory":false,"max_hp_per_floor":[62,62,62,62,62,62,62,62,62,62,62,62,62,62,62,62,62,62,62,62,62,62,62,62,62],"relic_stats":{"Shovel":0,"counters":[13,75],"Astrolabe":["WindmillStrike","Scrawl","WindmillStrike"],"Omamori":0,"PureWater":[11],"Orichalcum":[42],"obtain_stats":[{"Potion Belt":6,"Shovel":13,"Astrolabe":17,"Omamori":14,"PureWater":0,"Orichalcum":20,"TungstenRod":9,"Unceasing Top":11},{"Potion Belt":5,"Shovel":7,"Astrolabe":9,"Omamori":8,"PureWater":0,"Orichalcum":11,"TungstenRod":6,"Unceasing Top":7},{"Potion Belt":22,"Shovel":37,"Astrolabe":54,"Omamori":44,"PureWater":0,"Orichalcum":62,"TungstenRod":29,"Unceasing Top":37}],"TungstenRod":19,"Unceasing Top":[0]},"card_choices":[{"not_picked":["MasterReality","Wish"],"picked":"Vault","floor":0.0},{"not_picked":["Meditate","Weave"],"picked":"FlurryOfBlows","floor":1.0},{"not_picked":["Protect","Halt"],"picked":"CrushJoints","floor":2.0},{"not_picked":["ClearTheMind","Fasting2"],"picked":"MentalFortress","floor":4.0},{"not_picked":["BattleHymn","PathToVictory"],"picked":"FlyingSleeves","floor":5.0},{"not_picked":["FlyingSleeves","SashWhip"],"picked":"ClearTheMind","floor":6.0},{"not_picked":["DevaForm","Halt"],"picked":"FollowUp","floor":8.0},{"not_picked":["CrushJoints","WreathOfFlame"],"picked":"Protect","floor":11.0},{"not_picked":["CrushJoints","SashWhip"],"picked":"Vengeance","floor":14.0},{"not_picked":["Establishment","ConjureBlade"],"picked":"Omniscience","floor":16.0},{"not_picked":["FollowUp","BowlingBash"],"picked":"Protect+1","floor":18.0},{"not_picked":["SashWhip","PathToVictory"],"picked":"Adaptation","floor":19.0},{"not_picked":["WheelKick","ForeignInfluence"],"picked":"WaveOfTheHand","floor":22.0}],"player_experience":625289,"relics_obtained":[{"floor":6.0,"key":"Potion Belt"},{"floor":9.0,"key":"TungstenRod"},{"floor":11.0,"key":"Unceasing Top"},{"floor":14.0,"key":"Omamori"}],"event_choices":[{"damage_healed":0.0,"max_hp_gain":0.0,"max_hp_loss":0.0,"gold_gain":0.0,"event_name":"Shining Light","player_choice":"Entered Light","floor":3.0,"gold_loss":0.0,"damage_taken":19.0,"cards_upgraded":["Defend_P","Defend_P"]},{"damage_healed":0.0,"max_hp_gain":0.0,"max_hp_loss":0.0,"gold_gain":0.0,"event_name":"Scrap Ooze","player_choice":"Success","floor":13.0,"gold_loss":0.0,"damage_taken":11.0,"relics_obtained":["Shovel"]},{"damage_healed":0.0,"max_hp_gain":0.0,"max_hp_loss":0.0,"gold_gain":0.0,"event_name":"Nest","player_choice":"Joined the Cult","floor":21.0,"gold_loss":0.0,"damage_taken":6.0,"cards_obtained":["RitualDagger"]},{"damage_healed":0.0,"max_hp_gain":0.0,"max_hp_loss":0.0,"gold_gain":0.0,"event_name":"The Library","player_choice":"Read","floor":24.0,"gold_loss":0.0,"damage_taken":0.0,"cards_obtained":["TalkToTheHand"]}],"is_beta":false,"boss_relics":[{"not_picked":["Runic Dome","Ectoplasm"],"picked":"Astrolabe"}],"items_purged_floors":[],"is_endless":false,"potions_floor_spawned":[4,8,14,16,18,22],"killed_by":"Gremlin Leader","ascension_level":17}