{"gold_per_floor":[114,130,140,151,18,46,46,83,107,128,140,192,227,239],"floor_reached":14,"playtime":1022,"items_purged":["Defend_P"],"score":204,"play_id":"1074b553-5e2f-4fcd-af2a-f5410df74834","local_time":"20210908033035","is_ascension_mode":true,"campfire_choices":[{"data":"EmptyFist","floor":7,"key":"SMITH"},{"floor":11,"key":"REST"}],"neow_cost":"TEN_PERCENT_HP_LOSS","seed_source_timestamp":75256825635112,"circlet_count":0,"master_deck":["AscendersBane","Strike_P","Strike_P","Strike_P","Defend_P","Defend_P","Eruption","Vigilance","ThirdEye","Nirvana","TalkToTheHand","ThirdEye","EmptyFist+1","ThirdEye","ConjureBlade","Sanctity","Consecrate","Weave"],"relics":["PureWater","Shuriken","CeramicFish","MawBank","Dream Catcher"],"potions_floor_usage":[6,12,14],"damage_taken":[{"damage":4,"enemies":"Small Slimes","floor":1,"turns":6},{"damage":7,"enemies":"Cultist","floor":2,"turns":3},{"damage":5,"enemies":"Jaw Worm","floor":3,"turns":5},{"damage":0,"enemies":"Large Slime","floor":4,"turns":4},{"damage":16,"enemies":"Lagavulin","floor":6,"turns":9},{"damage":25,"enemies":"Gremlin Nob","floor":8,"turns":3},{"damage":6,"enemies":"Lagavulin","floor":12,"turns":7},{"damage":8,"enemies":"3 Louse","floor":13,"turns":3},{"damage":8,"enemies":"Gremlin Nob","floor":14,"turns":2}],"seed_played":"-8563318465635225902","potions_obtained":[{"floor":3,"key":"Block Potion"},{"floor":8,"key":"Weak Potion"},{"floor":12,"key":"Dexterity Potion"}],"is_trial":false,"path_per_floor":["M","M","M","M","$","E","R","E","T","?","R","E","M","E"],"character_chosen":"WATCHER","items_purchased":["EmptyFist"],"campfire_rested":1,"item_purchase_floors":[5],"current_hp_per_floor":[57,50,45,45,45,29,29,4,4,4,22,16,8,0],"gold":239,"neow_bonus":"REMOVE_TWO","is_prod":false,"is_daily":false,"chose_seed":false,"campfire_upgraded":1,"win_rate":0,"timestamp":1631089835,"path_taken":["M","M","M","M","$","E","R","E","T","?","R","E","M","E"],"build_version":"2020-12-22","purchased_purges":1,"victory":false,"max_hp_per_floor":[62,62,62,62,62,62,62,62,62,62,62,62,62,62],"relic_stats":{"Dream Catcher":0,"counters":[9,42],"Shuriken":[4],"CeramicFish":36,"PureWater":[9],"MawBank":60,"obtain_stats":[{"Dream Catcher":12,"Shuriken":6,"CeramicFish":8,"PureWater":0,"MawBank":9},{"Dream Catcher":7,"Shuriken":5,"CeramicFish":6,"PureWater":0,"MawBank":6},{"Dream Catcher":37,"Shuriken":27,"CeramicFish":30,"PureWater":0,"MawBank":30}]},"card_choices":[{"not_picked":["EmptyBody","Evaluate"],"picked":"ThirdEye","floor":1},{"not_picked":["Prostrate","Protect"],"picked":"Nirvana","floor":2},{"not_picked":["WreathOfFlame","Evaluate"],"picked":"TalkToTheHand","floor":3},{"not_picked":["EmptyBody","Crescendo"],"picked":"ThirdEye","floor":4},{"not_picked":["Worship","EmptyBody"],"picked":"ThirdEye","floor":6},{"not_picked":["ReachHeaven","Prostrate"],"picked":"ConjureBlade","floor":8},{"not_picked":["SandsOfTime","FollowUp"],"picked":"Consecrate","floor":12},{"not_picked":["SignatureMove","Crescendo"],"picked":"Weave","floor":13}],"player_experience":623395,"relics_obtained":[{"floor":6,"key":"Shuriken"},{"floor":8,"key":"CeramicFish"},{"floor":9,"key":"MawBank"},{"floor":12,"key":"Dream Catcher"}],"event_choices":[{"damage_healed":0,"gold_gain":0,"player_choice":"1 cards matched","damage_taken":0,"max_hp_gain":0,"max_hp_loss":0,"event_name":"Match and Keep!","floor":10,"gold_loss":0,"cards_obtained":["Sanctity"]}],"is_beta":false,"boss_relics":[],"items_purged_floors":[5],"is_endless":false,"potions_floor_spawned":[3,8,12],"killed_by":"Gremlin Nob","ascension_level":17}