{"gold_per_floor":[367,385,47,62,79,79,114,114,138,213,240,50,50,50,50,140,140,156,170,170],"floor_reached":20,"playtime":1825,"items_purged":["Defend_P","Defend_P"],"score":614,"play_id":"1679e97e-fc63-4d16-bda7-c410d86c89de","local_time":"20210908031323","is_ascension_mode":true,"campfire_choices":[{"data":"Eruption","floor":6,"key":"SMITH"},{"data":"CutThroughFate","floor":8,"key":"SMITH"},{"floor":15,"key":"REST"}],"neow_cost":"TEN_PERCENT_HP_LOSS","seed_source_timestamp":0,"circlet_count":0,"master_deck":["AscendersBane","Eruption+1","Vigilance","CutThroughFate+1","DeusExMachina+1","Halt","FlyingSleeves","EmptyMind","BowlingBash","TalkToTheHand","LessonLearned","TalkToTheHand","BattleHymn","Alpha","Adaptation","Wireheading","Evaluate","WaveOfTheHand","Indignation"],"special_seed":0,"relics":["PureWater","White Beast Statue","Damaru","Bronze Scales","Boot","Golden Idol","Pandora\u0027s Box"],"potions_floor_usage":[7,7,16,18,19],"damage_taken":[{"damage":4,"enemies":"Cultist","floor":1,"turns":3},{"damage":1,"enemies":"Small Slimes","floor":2,"turns":3},{"damage":1,"enemies":"2 Louse","floor":4,"turns":3},{"damage":11,"enemies":"Looter","floor":5,"turns":3},{"damage":13,"enemies":"Gremlin Nob","floor":7,"turns":3},{"damage":14,"enemies":"Lagavulin","floor":11,"turns":7},{"damage":0,"enemies":"Slime Boss","floor":16,"turns":4},{"damage":0,"enemies":"Chosen","floor":18,"turns":5},{"damage":17,"enemies":"Shell Parasite","floor":19,"turns":4},{"damage":32,"enemies":"Shelled Parasite and Fungi","floor":20,"turns":2}],"seed_played":"9194880006506246405","potions_obtained":[{"floor":4,"key":"DuplicationPotion"},{"floor":5,"key":"SkillPotion"},{"floor":7,"key":"Explosive Potion"},{"floor":11,"key":"Ancient Potion"},{"floor":16,"key":"CultistPotion"},{"floor":18,"key":"SteroidPotion"},{"floor":19,"key":"BottledMiracle"}],"is_trial":false,"path_per_floor":["M","M","$","M","M","R","E","R","T","?","E","$","?","?","R","B",null,"M","M","M"],"character_chosen":"WATCHER","items_purchased":["White Beast Statue","TalkToTheHand"],"campfire_rested":1,"item_purchase_floors":[3,12],"current_hp_per_floor":[57,56,56,55,44,44,31,31,31,20,6,6,6,6,22,22,48,48,31,0],"gold":170,"neow_bonus":"TWO_FIFTY_GOLD","is_prod":false,"is_daily":false,"chose_seed":false,"campfire_upgraded":2,"win_rate":0,"timestamp":1631088803,"path_taken":["M","M","$","M","M","R","E","R","T","?","E","$","?","?","R","BOSS","M","M","M"],"build_version":"2020-12-22","purchased_purges":2,"victory":false,"max_hp_per_floor":[62,62,62,62,62,62,62,62,62,62,62,62,62,56,56,56,56,56,56,56],"relic_stats":{"counters":[10,37],"Golden Idol":24,"Bronze Scales":[30],"Pandora\u0027s Box":["TalkToTheHand","BattleHymn","Alpha","Adaptation","Wireheading","Evaluate"],"PureWater":[6],"Boot":[0],"obtain_stats":[{"Golden Idol":14,"Bronze Scales":9,"Damaru":7,"Pandora\u0027s Box":17,"PureWater":0,"Boot":11,"White Beast Statue":3},{"Golden Idol":6,"Bronze Scales":5,"Damaru":5,"Pandora\u0027s Box":7,"PureWater":0,"Boot":6,"White Beast Statue":2},{"Golden Idol":22,"Bronze Scales":15,"Damaru":15,"Pandora\u0027s Box":26,"PureWater":0,"Boot":22,"White Beast Statue":6}],"White Beast Statue":[0.0,0.0,0.12000000000000002,0.0,0.5800000000000001,0.0,0.30000000000000004,0.0,0.0,0.0,0.0,3.6561600000000003]},"card_choices":[{"not_picked":["ThirdEye","Evaluate"],"picked":"CutThroughFate","floor":1},{"not_picked":["EmptyBody","JustLucky"],"picked":"DeusExMachina","floor":2},{"not_picked":["ClearTheMind","Evaluate"],"picked":"Halt","floor":4},{"not_picked":["JustLucky","Perseverance"],"picked":"FlyingSleeves","floor":5},{"not_picked":["SashWhip","Protect"],"picked":"EmptyMind","floor":7},{"not_picked":["Halt","Establishment"],"picked":"BowlingBash","floor":11},{"not_picked":["Blasphemy","Brilliance"],"picked":"LessonLearned","floor":16},{"not_picked":["SashWhip","EmptyBody"],"picked":"WaveOfTheHand","floor":18},{"not_picked":["BowlingBash","Swivel"],"picked":"Indignation","floor":19}],"player_experience":621570,"relics_obtained":[{"floor":7,"key":"Damaru"},{"floor":9,"key":"Bronze Scales"},{"floor":11,"key":"Boot"}],"event_choices":[{"damage_healed":0,"gold_gain":75,"player_choice":"Gather Gold","damage_taken":11,"max_hp_gain":0,"max_hp_loss":0,"event_name":"World of Goop","floor":10,"gold_loss":0},{"damage_healed":0,"gold_gain":0,"player_choice":"Ignored","damage_taken":0,"max_hp_gain":0,"max_hp_loss":0,"event_name":"Golden Wing","floor":13,"gold_loss":0},{"damage_healed":0,"gold_gain":0,"player_choice":"Lose Max HP","damage_taken":0,"relics_obtained":["Golden Idol"],"max_hp_gain":0,"max_hp_loss":6,"event_name":"Golden Idol","floor":14,"gold_loss":0}],"is_beta":false,"boss_relics":[{"not_picked":["Philosopher\u0027s Stone","Calling Bell"],"picked":"Pandora\u0027s Box"}],"items_purged_floors":[3,12],"is_endless":false,"potions_floor_spawned":[4,5,7,11,16,18,19],"killed_by":"Shelled Parasite and Fungi","ascension_level":17}