{"gold_per_floor":[364,439,450,450,164,164,178,195,195,212,246,263,290,302,302,375,375,394,412,412],"floor_reached":20,"playtime":7462,"items_purged":["Pain"],"score":452,"play_id":"ac29ce5f-69b7-4831-b175-d7bdeca51b66","local_time":"20210929202553","is_ascension_mode":true,"campfire_choices":[{"data":"Eruption","floor":6,"key":"SMITH"},{"data":"WheelKick","floor":15,"key":"SMITH"}],"neow_cost":"PERCENT_DAMAGE","seed_source_timestamp":196012895379607,"circlet_count":0,"master_deck":["AscendersBane","Strike_P","Strike_P","Strike_P","Strike_P","Defend_P","Defend_P+1","Defend_P","Defend_P","Eruption+1","Vigilance+1","FollowUp","Vengeance","ThirdEye","MentalFortress","CrushJoints","BowlingBash","WheelKick+1","SpiritShield"],"special_seed":0,"relics":["PureWater","WarpedTongs","PreservedInsect","Incense Burner","War Paint","Black Star"],"potions_floor_usage":[11,13,16,18],"damage_taken":[{"damage":1.0,"enemies":"Small Slimes","floor":1.0,"turns":3.0},{"damage":0,"enemies":"Cultist","floor":3,"turns":3},{"damage":0,"enemies":"Jaw Worm","floor":7,"turns":2},{"damage":0,"enemies":"Exordium Wildlife","floor":8,"turns":2},{"damage":14,"enemies":"Red Slaver","floor":10,"turns":5},{"damage":0,"enemies":"Lagavulin","floor":11,"turns":4},{"damage":0,"enemies":"Exordium Thugs","floor":12,"turns":3},{"damage":0,"enemies":"3 Sentries","floor":13,"turns":5},{"damage":0,"enemies":"Exordium Wildlife","floor":14,"turns":8},{"damage":22,"enemies":"The Guardian","floor":16,"turns":10},{"damage":15,"enemies":"3 Byrds","floor":18,"turns":5},{"damage":14,"enemies":"2 Thieves","floor":19,"turns":2},{"damage":36,"enemies":"Centurion and Healer","floor":20,"turns":5}],"seed_played":"-4253242721249919101","potions_obtained":[{"floor":1.0,"key":"Dexterity Potion"},{"floor":7,"key":"FearPotion"},{"floor":12,"key":"Regen Potion"},{"floor":13,"key":"Swift Potion"},{"floor":14,"key":"ColorlessPotion"},{"floor":18,"key":"CultistPotion"}],"is_trial":false,"path_per_floor":["M","?","M","?","$","R","M","M","T","M","E","M","E","M","R","B",null,"M","M","M"],"character_chosen":"WATCHER","items_purchased":["PreservedInsect","ThirdEye"],"campfire_rested":0,"item_purchase_floors":[5,5],"current_hp_per_floor":[42,31,31,31,31,31,31,31,31,17,17,17,31,31,31,9,53,38,24,0],"gold":412,"neow_bonus":"TWO_FIFTY_GOLD","is_prod":false,"is_daily":false,"chose_seed":false,"campfire_upgraded":2,"win_rate":0,"timestamp":1632972353,"path_taken":["M","?","M","?","$","R","M","M","T","M","E","M","E","M","R","BOSS","M","?","M"],"build_version":"2020-12-22","purchased_purges":1,"victory":false,"max_hp_per_floor":[68,68,68,68,68,68,68,68,68,68,68,68,68,68,68,68,68,68,68,68],"relic_stats":{"counters":[13,57],"PreservedInsect":61,"Black Star":0,"PureWater":[14],"War Paint":["Defend_P","Vigilance"],"obtain_stats":[{"PreservedInsect":5,"Incense Burner":11,"Black Star":17,"PureWater":0,"War Paint":13,"WarpedTongs":4},{"PreservedInsect":2,"Incense Burner":6,"Black Star":10,"PureWater":0,"War Paint":8,"WarpedTongs":2},{"PreservedInsect":6,"Incense Burner":19,"Black Star":45,"PureWater":0,"War Paint":27,"WarpedTongs":6}],"WarpedTongs":[49]},"card_choices":[{"not_picked":["DeceiveReality","Nirvana"],"picked":"FollowUp","floor":1.0},{"not_picked":["Worship","Crescendo"],"picked":"Vengeance","floor":3},{"not_picked":["Perseverance","Halt"],"picked":"MentalFortress","floor":7},{"not_picked":["DeceiveReality","Nirvana"],"picked":"CrushJoints","floor":8},{"not_picked":["WaveOfTheHand","SashWhip"],"picked":"BowlingBash","floor":10},{"not_picked":["Prostrate","JustLucky","InnerPeace"],"picked":"SKIP","floor":11},{"not_picked":["Collect","Protect","Worship"],"picked":"SKIP","floor":12},{"not_picked":["ReachHeaven","LikeWater","CrushJoints"],"picked":"SKIP","floor":13},{"not_picked":["WindmillStrike","FollowUp"],"picked":"WheelKick","floor":14},{"not_picked":["DevaForm","Wish"],"picked":"SpiritShield","floor":16},{"not_picked":["Consecrate","FlyingSleeves","Fasting2"],"picked":"SKIP","floor":18},{"not_picked":["Vengeance","PathToVictory","SandsOfTime"],"picked":"SKIP","floor":19}],"player_experience":640577,"relics_obtained":[{"floor":11,"key":"Incense Burner"},{"floor":13,"key":"War Paint"}],"event_choices":[{"damage_healed":0.0,"max_hp_gain":0.0,"max_hp_loss":0.0,"gold_gain":75.0,"event_name":"World of Goop","player_choice":"Gather Gold","floor":2.0,"gold_loss":0.0,"damage_taken":11.0},{"damage_healed":0,"gold_gain":0,"player_choice":"Rummage","damage_taken":0,"relics_obtained":["WarpedTongs"],"max_hp_gain":0,"max_hp_loss":0,"event_name":"Accursed Blacksmith","floor":4,"gold_loss":0,"cards_obtained":["Pain"]}],"is_beta":false,"boss_relics":[{"not_picked":["VioletLotus","Velvet Choker"],"picked":"Black Star"}],"items_purged_floors":[5],"is_endless":false,"potions_floor_spawned":[1,7,12,13,14,18],"killed_by":"Centurion and Healer","ascension_level":18}