{"gold_per_floor":[117,130,144,161,177,208,208,222,247,275,275,306,142,154,154,226,226,237,72,91,91,102,137,137,165,165,165,165,180,191,216,216,292,292,302,320,1319,891,908,943,317,352,352,405,421,506,486,501,501,501],"floor_reached":51,"playtime":3165,"items_purged":["Defend_P","Normality","Normality"],"score":2116,"play_id":"c7730d2e-b052-445e-aa63-d7823f6c9937","local_time":"20210930034712","is_ascension_mode":true,"campfire_choices":[{"data":"EmptyFist","floor":11.0,"key":"SMITH"},{"data":"Ragnarok","floor":15.0,"key":"SMITH"},{"data":"Ragnarok","floor":24.0,"key":"SMITH"},{"data":"TalkToTheHand","floor":32.0,"key":"SMITH"},{"data":"Wish","floor":49,"key":"SMITH"}],"neow_cost":"NONE","seed_source_timestamp":215011225840803,"circlet_count":0,"master_deck":["AscendersBane","Strike_P","Strike_P","Strike_P","Strike_P","Defend_P","Defend_P","Defend_P","Eruption+1","Vigilance","EmptyFist+1","CutThroughFate+1","DeusExMachina","CutThroughFate","ThirdEye","Ragnarok+1","Scrawl","Ragnarok+1","WheelKick","SandsOfTime","Ragnarok+1","TalkToTheHand+1","Blasphemy","DevaForm","CrushJoints+1","Ragnarok","Omniscience","Wish+1","Scrawl"],"special_seed":0,"relics":["Snecko Eye","Dream Catcher","Toy Ornithopter","Whetstone","Strawberry","Cursed Key","Orrery","Bronze Scales","Pen Nib","HornCleat","Peace Pipe","Coffee Dripper","Thread and Needle","Regal Pillow","Anchor","Meat on the Bone","Pocketwatch","Mummified Hand"],"potions_floor_usage":[],"damage_taken":[{"damage":0.0,"enemies":"Cultist","floor":1.0,"turns":2.0},{"damage":0.0,"enemies":"Small Slimes","floor":2.0,"turns":2.0},{"damage":0.0,"enemies":"Jaw Worm","floor":3.0,"turns":3.0},{"damage":0.0,"enemies":"Lots of Slimes","floor":4.0,"turns":3.0},{"damage":1.0,"enemies":"Exordium Wildlife","floor":5.0,"turns":3.0},{"damage":7.0,"enemies":"3 Sentries","floor":6.0,"turns":6.0},{"damage":3.0,"enemies":"3 Louse","floor":8.0,"turns":3.0},{"damage":34.0,"enemies":"Lagavulin","floor":10.0,"turns":6.0},{"damage":5.0,"enemies":"3 Sentries","floor":12.0,"turns":5.0},{"damage":20.0,"enemies":"Gremlin Gang","floor":14.0,"turns":3.0},{"damage":0.0,"enemies":"Slime Boss","floor":16.0,"turns":3.0},{"damage":1.0,"enemies":"3 Byrds","floor":18.0,"turns":4.0},{"damage":0.0,"enemies":"Spheric Guardian","floor":20.0,"turns":2.0},{"damage":3.0,"enemies":"Centurion and Healer","floor":22.0,"turns":3.0},{"damage":0.0,"enemies":"Slavers","floor":23.0,"turns":2.0},{"damage":19.0,"enemies":"Gremlin Leader","floor":25.0,"turns":3.0},{"damage":0.0,"enemies":"Snecko","floor":29.0,"turns":1.0},{"damage":0.0,"enemies":"Snake Plant","floor":30.0,"turns":1.0},{"damage":0.0,"enemies":"Slavers","floor":31.0,"turns":1.0},{"damage":0.0,"enemies":"Collector","floor":33.0,"turns":4.0},{"damage":0.0,"enemies":"Orb Walker","floor":35.0,"turns":1.0},{"damage":8.0,"enemies":"3 Shapes","floor":36.0,"turns":2.0},{"damage":5.0,"enemies":"3 Darklings","floor":39.0,"turns":3.0},{"damage":6.0,"enemies":"Reptomancer","floor":40.0,"turns":4.0},{"damage":0.0,"enemies":"Giant Head","floor":42.0,"turns":2.0},{"damage":20.0,"enemies":"Nemesis","floor":44.0,"turns":3.0},{"damage":0.0,"enemies":"Jaw Worm Horde","floor":45.0,"turns":2.0},{"damage":7.0,"enemies":"Reptomancer","floor":46.0,"turns":3.0},{"damage":0,"enemies":"Writhing Mass","floor":48,"turns":1},{"damage":0,"enemies":"Time Eater","floor":50,"turns":2}],"seed_played":"6552782623840556193","potions_obtained":[{"floor":2.0,"key":"SpeedPotion"},{"floor":4.0,"key":"SpeedPotion"},{"floor":5.0,"key":"Swift Potion"},{"floor":10.0,"key":"SteroidPotion"},{"floor":12.0,"key":"LiquidBronze"},{"floor":14.0,"key":"Dexterity Potion"},{"floor":23.0,"key":"EssenceOfSteel"},{"floor":25.0,"key":"StancePotion"},{"floor":33.0,"key":"AttackPotion"},{"floor":35.0,"key":"ColorlessPotion"},{"floor":40.0,"key":"Dexterity Potion"},{"floor":45.0,"key":"Energy Potion"},{"floor":47.0,"key":"SpeedPotion"}],"is_trial":false,"path_per_floor":["M","M","M","M","M","E","?","M","T","E","R","E","$","M","R","B",null,"M","$","M","?","M","E","R","E","T","?","?","M","M","E","R","B",null,"M","M","?","$","M","E","$","E","T","E","M","E","?","M","R","B",null],"character_chosen":"WATCHER","items_purchased":["Ragnarok","Orrery","Thread and Needle","Anchor","Ragnarok","Omniscience"],"campfire_rested":0,"item_purchase_floors":[13,19,38,41,41,41],"current_hp_per_floor":[61,61,61,61,60,53,68,65,65,36,36,43,43,23,23,23,62,61,61,61,61,58,63,63,49,49,49,49,49,49,49,49,49,69,69,66,66,66,61,55,55,55,55,47,47,45,45,45,45,45],"gold":501,"neow_bonus":"BOSS_RELIC","is_prod":false,"is_daily":false,"chose_seed":false,"campfire_upgraded":5,"win_rate":0,"timestamp":1632998832,"path_taken":["M","M","M","?","M","E","?","M","T","E","R","E","$","?","R","BOSS","M","$","M","?","?","E","R","E","T","?","?","M","?","E","R","BOSS","M","M","?","$","M","E","$","E","T","E","M","E","?","M","R","BOSS"],"build_version":"2020-12-22","purchased_purges":3,"victory":true,"max_hp_per_floor":[68,68,68,68,68,68,68,68,68,68,68,75,75,75,75,75,75,75,75,75,75,75,75,75,75,75,75,75,75,75,75,75,75,75,75,75,75,75,75,75,75,75,75,75,75,75,75,75,75,75],"relic_stats":{"Regal Pillow":0,"counters":[30,83],"Pen Nib":[9],"Whetstone":["Eruption","CutThroughFate"],"Cursed Key":1,"Peace Pipe":0,"Dream Catcher":0,"Mummified Hand":[0],"Bronze Scales":[37],"Snecko Eye":[155,155,146,153,-43],"obtain_stats":[{"Regal Pillow":40,"Thread and Needle":38,"Pen Nib":25,"Whetstone":10,"Cursed Key":17,"Peace Pipe":31,"Dream Catcher":6,"Anchor":41,"HornCleat":28,"Mummified Hand":46,"Strawberry":12,"Bronze Scales":23,"Snecko Eye":0,"Orrery":19,"Coffee Dripper":34,"PureWater":0,"Toy Ornithopter":9,"Meat on the Bone":42,"Pocketwatch":44},{"Regal Pillow":24,"Thread and Needle":22,"Pen Nib":16,"Whetstone":8,"Cursed Key":11,"Peace Pipe":19,"Dream Catcher":6,"Anchor":24,"HornCleat":16,"Mummified Hand":28,"Strawberry":9,"Bronze Scales":15,"Snecko Eye":0,"Orrery":12,"Coffee Dripper":20,"PureWater":0,"Toy Ornithopter":7,"Meat on the Bone":25,"Pocketwatch":26},{"Regal Pillow":70,"Thread and Needle":63,"Pen Nib":53,"Whetstone":28,"Cursed Key":39,"Peace Pipe":56,"Dream Catcher":19,"Anchor":70,"HornCleat":53,"Mummified Hand":80,"Strawberry":33,"Bronze Scales":50,"Snecko Eye":0,"Orrery":43,"Coffee Dripper":60,"PureWater":0,"Toy Ornithopter":22,"Meat on the Bone":72,"Pocketwatch":75}],"Toy Ornithopter":30,"Meat on the Bone":12,"Pocketwatch":[3]},"card_choices":[{"not_picked":["FlurryOfBlows","Weave"],"picked":"EmptyFist","floor":1.0},{"not_picked":["DeceiveReality","EmptyBody","Evaluate"],"picked":"SKIP","floor":2.0},{"not_picked":["PathToVictory","CrushJoints","FlyingSleeves"],"picked":"SKIP","floor":3.0},{"not_picked":["Crescendo","Consecrate"],"picked":"CutThroughFate","floor":4.0},{"not_picked":["Wireheading","Evaluate","FollowUp"],"picked":"SKIP","floor":5.0},{"not_picked":["Conclude","EmptyBody"],"picked":"DeusExMachina","floor":6.0},{"not_picked":["SashWhip","WaveOfTheHand"],"picked":"CutThroughFate","floor":8.0},{"not_picked":["JustLucky","FollowUp","Vengeance"],"picked":"SKIP","floor":10.0},{"not_picked":["Weave","Halt"],"picked":"ThirdEye","floor":12.0},{"not_picked":["EmptyBody","Conclude","FlurryOfBlows"],"picked":"SKIP","floor":14.0},{"not_picked":["Devotion","Alpha"],"picked":"Scrawl","floor":16.0},{"not_picked":["Prostrate","CutThroughFate","FlurryOfBlows"],"picked":"SKIP","floor":18.0},{"not_picked":["Prostrate+1","Adaptation"],"picked":"Ragnarok","floor":19.0},{"not_picked":["Halt","CutThroughFate"],"picked":"WheelKick","floor":19.0},{"not_picked":["CutThroughFate","ClearTheMind"],"picked":"SandsOfTime","floor":19.0},{"not_picked":["FlyingSleeves","JustLucky","Halt+1"],"picked":"SKIP","floor":20.0},{"not_picked":["Wireheading+1","Sanctity"],"picked":"TalkToTheHand","floor":22.0},{"not_picked":["Nirvana","FlyingSleeves","Evaluate"],"picked":"SKIP","floor":23.0},{"not_picked":["BattleHymn","Meditate"],"picked":"Blasphemy","floor":25.0},{"not_picked":["EmptyBody","ClearTheMind","Halt+1"],"picked":"SKIP","floor":29.0},{"not_picked":["Consecrate","SashWhip","ClearTheMind"],"picked":"SKIP","floor":30.0},{"not_picked":["Sanctity","Crescendo","EmptyFist"],"picked":"SKIP","floor":31.0},{"not_picked":["SpiritShield","Blasphemy"],"picked":"DevaForm","floor":33.0},{"not_picked":["Adaptation","Halt","CutThroughFate+1"],"picked":"SKIP","floor":35.0},{"not_picked":["SashWhip+1","FearNoEvil"],"picked":"CrushJoints+1","floor":36.0},{"not_picked":["BowlingBash","SashWhip+1","Consecrate"],"picked":"SKIP","floor":39.0},{"not_picked":["FlurryOfBlows","ThirdEye+1","CutThroughFate"],"picked":"SKIP","floor":40.0},{"not_picked":["Vengeance","Fasting2"],"picked":"Wish","floor":42.0},{"not_picked":["JustLucky","FlyingSleeves","Establishment"],"picked":"SKIP","floor":44.0},{"not_picked":["Tantrum","Consecrate","JustLucky"],"picked":"SKIP","floor":45.0},{"not_picked":["EmptyFist","Wireheading","BowlingBash"],"picked":"SKIP","floor":46.0},{"not_picked":["Protect","WaveOfTheHand"],"picked":"Scrawl","floor":48}],"player_experience":651540,"relics_obtained":[{"floor":6.0,"key":"Dream Catcher"},{"floor":9.0,"key":"Toy Ornithopter"},{"floor":10.0,"key":"Whetstone"},{"floor":12.0,"key":"Strawberry"},{"floor":23.0,"key":"Bronze Scales"},{"floor":25.0,"key":"Pen Nib"},{"floor":31.0,"key":"Peace Pipe"},{"floor":40.0,"key":"Regal Pillow"},{"floor":42.0,"key":"Meat on the Bone"},{"floor":44.0,"key":"Pocketwatch"},{"floor":46.0,"key":"Mummified Hand"}],"event_choices":[{"damage_healed":15.0,"max_hp_gain":0.0,"max_hp_loss":0.0,"gold_gain":0.0,"event_name":"Wheel of Change","player_choice":"Full Heal","floor":7.0,"gold_loss":0.0,"damage_taken":0.0},{"damage_healed":0.0,"max_hp_gain":0.0,"max_hp_loss":0.0,"gold_gain":0.0,"event_name":"Duplicator","player_choice":"Copied","floor":21.0,"gold_loss":0.0,"damage_taken":0.0,"cards_obtained":["Ragnarok"]},{"cards_removed":["Regret"],"damage_healed":0.0,"max_hp_gain":0.0,"max_hp_loss":0.0,"gold_gain":0.0,"event_name":"Back to Basics","player_choice":"Elegance","floor":27.0,"gold_loss":0.0,"damage_taken":0.0},{"damage_healed":0.0,"max_hp_gain":0.0,"max_hp_loss":0.0,"gold_gain":0.0,"event_name":"WeMeetAgain","player_choice":"Gave Potion","floor":28.0,"gold_loss":0.0,"damage_taken":0.0,"relics_obtained":["HornCleat"]},{"damage_healed":0.0,"max_hp_gain":0.0,"max_hp_loss":0.0,"gold_gain":999.0,"event_name":"MindBloom","player_choice":"Gold","floor":37.0,"gold_loss":0.0,"damage_taken":0.0,"cards_obtained":["Normality","Normality"]},{"damage_healed":0.0,"max_hp_gain":0.0,"max_hp_loss":0.0,"gold_gain":0.0,"event_name":"The Woman in Blue","player_choice":"Bought 1 Potion","floor":47.0,"gold_loss":0.0,"damage_taken":0.0}],"is_beta":false,"boss_relics":[{"not_picked":["VioletLotus","Velvet Choker"],"picked":"Cursed Key"},{"not_picked":["Philosopher\u0027s Stone","Runic Dome"],"picked":"Coffee Dripper"}],"items_purged_floors":[13,38,41],"is_endless":false,"potions_floor_spawned":[2,4,5,10,12,14,22,23,25,33,35,40,45],"ascension_level":18}