{"gold_per_floor":[118,133,148,167,147,173,173,173],"floor_reached":8,"playtime":611,"items_purged":[],"score":113,"play_id":"79f690ff-213d-403f-b121-1eda1c42c97a","local_time":"20211009180904","is_ascension_mode":true,"campfire_choices":[{"data":"CrushJoints","floor":7.0,"key":"SMITH"}],"neow_cost":"PERCENT_DAMAGE","seed_source_timestamp":643360098972330,"circlet_count":0,"master_deck":["AscendersBane","Strike_P","Strike_P","Strike_P","Strike_P","Defend_P","Defend_P","Defend_P","Defend_P","Eruption","Vigilance","Tantrum","ThirdEye","ThirdEye","Halt","CrushJoints+1"],"special_seed":0,"relics":["PureWater","GoldenEye","Pen Nib"],"potions_floor_usage":[8],"damage_taken":[{"damage":12.0,"enemies":"Small Slimes","floor":1.0,"turns":3.0},{"damage":2.0,"enemies":"Cultist","floor":2.0,"turns":3.0},{"damage":0.0,"enemies":"2 Louse","floor":3.0,"turns":2.0},{"damage":1.0,"enemies":"2 Fungi Beasts","floor":4.0,"turns":3.0},{"damage":17.0,"enemies":"3 Sentries","floor":6.0,"turns":7.0},{"damage":16,"enemies":"Lagavulin","floor":8,"turns":3}],"seed_played":"-5017246644467572831","potions_obtained":[{"floor":1.0,"key":"Energy Potion"},{"floor":2.0,"key":"Block Potion"},{"floor":3.0,"key":"Weak Potion"},{"floor":5.0,"key":"AttackPotion"},{"floor":6.0,"key":"Fruit Juice"}],"is_trial":false,"path_per_floor":["M","M","M","M","?","E","R","E"],"character_chosen":"WATCHER","items_purchased":[],"campfire_rested":0,"item_purchase_floors":[],"current_hp_per_floor":[31,29,29,28,28,16,16,0],"gold":173,"neow_bonus":"ONE_RARE_RELIC","is_prod":false,"is_daily":false,"chose_seed":false,"campfire_upgraded":1,"win_rate":0,"timestamp":1633828144,"path_taken":["M","M","M","M","?","E","R","E"],"build_version":"2020-12-22","purchased_purges":0,"victory":false,"max_hp_per_floor":[68,68,68,68,68,73,73,73],"relic_stats":{"counters":[6,21],"Pen Nib":[0],"PureWater":[4],"GoldenEye":[11],"obtain_stats":[{"Pen Nib":6,"PureWater":0,"GoldenEye":0},{"Pen Nib":5,"PureWater":0,"GoldenEye":0},{"Pen Nib":18,"PureWater":0,"GoldenEye":0}]},"card_choices":[{"not_picked":["EmptyBody","Conclude"],"picked":"Tantrum","floor":1.0},{"not_picked":["Evaluate","FollowUp"],"picked":"ThirdEye","floor":2.0},{"not_picked":["Prostrate","CrushJoints"],"picked":"ThirdEye","floor":3.0},{"not_picked":["Protect","Consecrate"],"picked":"Halt","floor":4.0},{"not_picked":["Evaluate","Perseverance"],"picked":"CrushJoints","floor":6.0}],"player_experience":667502,"relics_obtained":[{"floor":6.0,"key":"Pen Nib"}],"event_choices":[{"damage_healed":0.0,"max_hp_gain":0.0,"max_hp_loss":0.0,"gold_gain":0.0,"event_name":"The Woman in Blue","player_choice":"Bought 1 Potion","floor":5.0,"gold_loss":0.0,"damage_taken":0.0}],"is_beta":false,"boss_relics":[],"items_purged_floors":[],"is_endless":false,"potions_floor_spawned":[1,2,3,6],"killed_by":"Lagavulin","ascension_level":19}