{"gold_per_floor":[114,189,189,208,219,219,219],"floor_reached":7,"playtime":219,"items_purged":[],"score":80,"play_id":"322d68c2-3808-4476-a592-9df6c5a3b5ca","local_time":"20211019102530","is_ascension_mode":true,"campfire_choices":[{"floor":6.0,"key":"DIG"}],"neow_cost":"TEN_PERCENT_HP_LOSS","seed_source_timestamp":245123841354588,"circlet_count":0,"master_deck":["AscendersBane","Strike_P","Strike_P","Strike_P","Strike_P","Defend_P","Defend_P","Defend_P","Defend_P","Eruption","Vigilance","FlurryOfBlows","CutThroughFate","Protect"],"special_seed":0,"relics":["PureWater","Shovel","Nunchaku"],"potions_floor_usage":[],"damage_taken":[{"damage":10.0,"enemies":"Small Slimes","floor":1.0,"turns":3.0},{"damage":1.0,"enemies":"2 Louse","floor":4.0,"turns":4.0},{"damage":0.0,"enemies":"Jaw Worm","floor":5.0,"turns":2.0},{"damage":0,"enemies":"Lagavulin","floor":7,"turns":1}],"seed_played":"2565742668230782200","potions_obtained":[{"floor":4.0,"key":"Swift Potion"}],"is_trial":false,"path_per_floor":["M","?","?","M","M","R","E"],"character_chosen":"WATCHER","items_purchased":[],"campfire_rested":0,"item_purchase_floors":[],"current_hp_per_floor":[51,40,40,39,39,39,39],"gold":219,"neow_bonus":"ONE_RARE_RELIC","is_prod":false,"is_daily":false,"chose_seed":false,"campfire_upgraded":0,"win_rate":0,"timestamp":1634664330,"path_taken":["M","?","?","M","M","R","E"],"build_version":"2020-12-22","purchased_purges":0,"victory":false,"max_hp_per_floor":[62,62,62,62,62,62,62],"relic_stats":{"Nunchaku":[0],"Shovel":1,"counters":[4,9],"PureWater":[3],"obtain_stats":[{"Nunchaku":6,"Shovel":0,"PureWater":0},{"Nunchaku":3,"Shovel":0,"PureWater":0},{"Nunchaku":9,"Shovel":0,"PureWater":0}]},"card_choices":[{"not_picked":["EmptyBody","CrushJoints"],"picked":"FlurryOfBlows","floor":1.0},{"not_picked":["FlyingSleeves","PathToVictory"],"picked":"CutThroughFate","floor":4.0},{"not_picked":["WindmillStrike","Fasting2"],"picked":"Protect","floor":5.0}],"player_experience":670979,"relics_obtained":[{"floor":6.0,"key":"Nunchaku"}],"event_choices":[{"damage_healed":0.0,"max_hp_gain":0.0,"max_hp_loss":0.0,"gold_gain":75.0,"event_name":"World of Goop","player_choice":"Gather Gold","floor":2.0,"gold_loss":0.0,"damage_taken":11.0},{"damage_healed":0.0,"max_hp_gain":0.0,"max_hp_loss":0.0,"gold_gain":0.0,"event_name":"Liars Game","player_choice":"Ignored","floor":3.0,"gold_loss":0.0,"damage_taken":0.0}],"is_beta":false,"boss_relics":[],"items_purged_floors":[],"is_endless":false,"potions_floor_spawned":[4],"killed_by":"Lagavulin","ascension_level":19}