{"gold_per_floor":[113,113,113,131,131,131,151,191,191,191],"floor_reached":10,"playtime":490,"items_purged":[],"score":132,"play_id":"54241c49-2758-4f3c-adb4-9d405f6a3032","local_time":"20220429180458","is_ascension_mode":true,"campfire_choices":[{"data":"BowlingBash","floor":6.0,"key":"SMITH"}],"neow_cost":"NONE","seed_source_timestamp":234366341501584,"circlet_count":0,"master_deck":["AscendersBane","Strike_P","Strike_P","Strike_P","Strike_P","Defend_P","Defend_P","Defend_P","Defend_P","Eruption+1","Vigilance","BowlingBash+1","BowlingBash","FlurryOfBlows","CutThroughFate"],"special_seed":0,"relics":["PureWater","Boot","Mercury Hourglass","Golden Idol","Gremlin Horn","Smiling Mask"],"potions_floor_usage":[],"damage_taken":[{"damage":7.0,"enemies":"Jaw Worm","floor":1.0,"turns":4.0},{"damage":0.0,"enemies":"Small Slimes","floor":4.0,"turns":2.0},{"damage":0.0,"enemies":"Cultist","floor":7.0,"turns":2.0},{"damage":28,"enemies":"Gremlin Nob","floor":8,"turns":4},{"damage":32,"enemies":"Lagavulin","floor":10,"turns":5}],"seed_played":"-5390941596313172002","potions_obtained":[{"floor":7.0,"key":"LiquidBronze"}],"is_trial":false,"path_per_floor":["M","?","?","M","?","R","M","E","T","E"],"character_chosen":"WATCHER","items_purchased":[],"campfire_rested":0,"item_purchase_floors":[],"current_hp_per_floor":[54,49,49,49,49,49,49,21,21,0],"gold":191,"neow_bonus":"RANDOM_COMMON_RELIC","is_prod":false,"is_daily":false,"chose_seed":false,"campfire_upgraded":1,"win_rate":0,"timestamp":1651273498,"path_taken":["M","?","?","?","?","R","M","E","T","E"],"build_version":"2022-03-07","purchased_purges":0,"victory":false,"max_hp_per_floor":[68,68,68,68,62,62,62,62,62,62],"relic_stats":{"Gremlin Horn":[0,0],"counters":[5,17],"Golden Idol":12,"PureWater":[1],"Boot":[5],"Smiling Mask":0,"obtain_stats":[{"Gremlin Horn":8,"Golden Idol":5,"PureWater":0,"Boot":0,"Smiling Mask":9,"Mercury Hourglass":2},{"Gremlin Horn":4,"Golden Idol":2,"PureWater":0,"Boot":0,"Smiling Mask":4,"Mercury Hourglass":1},{"Gremlin Horn":12,"Golden Idol":6,"PureWater":0,"Boot":0,"Smiling Mask":12,"Mercury Hourglass":4}],"Mercury Hourglass":[36]},"card_choices":[{"not_picked":["CrushJoints","Tantrum"],"picked":"BowlingBash","floor":1.0},{"not_picked":["Evaluate","Alpha"],"picked":"BowlingBash","floor":4.0},{"not_picked":["Protect","Vengeance"],"picked":"FlurryOfBlows","floor":7.0},{"not_picked":["MasterReality","BowlingBash"],"picked":"CutThroughFate","floor":8}],"player_experience":890371,"relics_obtained":[{"floor":8,"key":"Gremlin Horn"},{"floor":9,"key":"Smiling Mask"}],"event_choices":[{"damage_healed":0.0,"max_hp_gain":0.0,"max_hp_loss":0.0,"gold_gain":0.0,"event_name":"Scrap Ooze","player_choice":"Success","floor":2.0,"gold_loss":0.0,"damage_taken":5.0,"relics_obtained":["Mercury Hourglass"]},{"damage_healed":0.0,"max_hp_gain":0.0,"max_hp_loss":0.0,"gold_gain":0.0,"event_name":"Upgrade Shrine","player_choice":"Upgraded","floor":3.0,"gold_loss":0.0,"damage_taken":0.0,"cards_upgraded":["Eruption"]},{"damage_healed":0.0,"max_hp_gain":0.0,"max_hp_loss":6.0,"gold_gain":0.0,"event_name":"Golden Idol","player_choice":"Lose Max HP","floor":5.0,"gold_loss":0.0,"damage_taken":0.0,"relics_obtained":["Golden Idol"]}],"is_beta":false,"boss_relics":[],"items_purged_floors":[],"is_endless":false,"potions_floor_spawned":[7],"killed_by":"Lagavulin","ascension_level":20}