{"gold_per_floor":[113,113,10,29,29,61,61,75,75,104,104,138,138,173,173,247,247,260,287,287,325,325,384,384,431,458,522,570,570,582,232,232,335,335,378,280,280,322,544,606,680,773,799,187,244,244,244,309,309,339,369,369,369,11,39,39],"floor_reached":57,"playtime":10168,"items_purged":["Regret","Strike_P","Strike_P+1"],"score":3089,"play_id":"c4553a4c-96dc-4253-ba98-743d05def72b","local_time":"20220428160622","is_ascension_mode":true,"campfire_choices":[{"data":"EmptyFist","floor":7.0,"key":"SMITH"},{"data":"Eruption","floor":11.0,"key":"SMITH"},{"data":"Adaptation","floor":13.0,"key":"SMITH"},{"data":"ThirdEye","floor":15.0,"key":"SMITH"},{"data":"Wish","floor":24.0,"key":"SMITH"},{"data":"Halt","floor":29.0,"key":"SMITH"},{"data":"MentalFortress","floor":32.0,"key":"SMITH"},{"floor":49.0,"key":"RECALL"},{"data":"Indignation","floor":53.0,"key":"SMITH"}],"neow_cost":"TEN_PERCENT_HP_LOSS","seed_source_timestamp":0,"circlet_count":0,"master_deck":["AscendersBane","Defend_P+1","Defend_P+1","Defend_P+1","Eruption+1","Vigilance","Halt+1","EmptyFist+1","CutThroughFate+1","Crescendo+1","JustLucky+1","LessonLearned+1","Adaptation+1","ThirdEye+1","Wish+1","TalkToTheHand+1","FlurryOfBlows+1","EmptyMind+1","CrushJoints+1","EmptyFist+1","FlurryOfBlows+1","MentalFortress+1","Tantrum+1","CutThroughFate+1","Finesse+1","Indignation+1","Omniscience+1","DeusExMachina+1","TalkToTheHand+1","Flash of Steel+1"],"special_seed":0,"relics":["PureWater","Thread and Needle","Ornamental Fan","Matryoshka","Blood Vial","Mercury Hourglass","Molten Egg 2","Shuriken","Orichalcum","Empty Cage","Red Mask","MutagenicStrength","Eternal Feather","StrikeDummy","Bag of Preparation","ClockworkSouvenir","Coffee Dripper","Ancient Tea Set","StoneCalendar","Centennial Puzzle","Torii","Kunai","Letter Opener","Strawberry","TeardropLocket"],"potions_floor_usage":[56,56],"damage_taken":[{"damage":0.0,"enemies":"2 Louse","floor":1.0,"turns":4.0},{"damage":0.0,"enemies":"Cultist","floor":4.0,"turns":3.0},{"damage":0.0,"enemies":"Gremlin Nob","floor":6.0,"turns":4.0},{"damage":0.0,"enemies":"Small Slimes","floor":8.0,"turns":1.0},{"damage":0.0,"enemies":"3 Sentries","floor":10.0,"turns":6.0},{"damage":0.0,"enemies":"Lagavulin","floor":12.0,"turns":5.0},{"damage":0.0,"enemies":"Gremlin Nob","floor":14.0,"turns":3.0},{"damage":27.0,"enemies":"The Guardian","floor":16.0,"turns":12.0},{"damage":7.0,"enemies":"Shell Parasite","floor":18.0,"turns":8.0},{"damage":8.0,"enemies":"Masked Bandits","floor":19.0,"turns":3.0},{"damage":16.0,"enemies":"Spheric Guardian","floor":21.0,"turns":4.0},{"damage":3.0,"enemies":"Slavers","floor":23.0,"turns":6.0},{"damage":3.0,"enemies":"Snecko","floor":25.0,"turns":4.0},{"damage":16.0,"enemies":"Book of Stabbing","floor":27.0,"turns":4.0},{"damage":5.0,"enemies":"Chosen and Byrds","floor":28.0,"turns":5.0},{"damage":0.0,"enemies":"Snake Plant","floor":30.0,"turns":3.0},{"damage":39.0,"enemies":"Automaton","floor":33.0,"turns":9.0},{"damage":3.0,"enemies":"3 Shapes","floor":35.0,"turns":4.0},{"damage":0.0,"enemies":"Orb Walker","floor":38.0,"turns":2.0},{"damage":3.0,"enemies":"Giant Head","floor":40.0,"turns":5.0},{"damage":6.0,"enemies":"3 Darklings","floor":41.0,"turns":3.0},{"damage":11.0,"enemies":"Reptomancer","floor":42.0,"turns":3.0},{"damage":1.0,"enemies":"Giant Head","floor":45.0,"turns":5.0},{"damage":1.0,"enemies":"Reptomancer","floor":48.0,"turns":2.0},{"damage":10.0,"enemies":"Awakened One","floor":50.0,"turns":5.0},{"damage":6.0,"enemies":"Donu and Deca","floor":51.0,"turns":5.0},{"damage":7.0,"enemies":"Shield and Spear","floor":55.0,"turns":3.0},{"damage":35,"enemies":"The Heart","floor":56,"turns":8}],"seed_played":"-1768497965187620080","potions_obtained":[{"floor":1.0,"key":"BlessingOfTheForge"},{"floor":4.0,"key":"BlessingOfTheForge"},{"floor":16.0,"key":"SpeedPotion"},{"floor":23.0,"key":"DistilledChaos"},{"floor":25.0,"key":"DuplicationPotion"},{"floor":33.0,"key":"DistilledChaos"},{"floor":40.0,"key":"Fire Potion"},{"floor":42.0,"key":"DuplicationPotion"},{"floor":48.0,"key":"Energy Potion"}],"is_trial":false,"path_per_floor":["M","?","$","M","?","E","R","M","T","E","R","E","R","E","R","B",null,"M","?","?","M","?","E","R","M","T","E","M","R","M","$","R","B",null,"M","$","?","M","?","E","M","E","T","$","E","?","?","E","R","B","B",null,"R","$","E","B",null],"character_chosen":"WATCHER","items_purchased":["EmptyFist","ClockworkSouvenir","Tantrum+1","Finesse","Torii","Kunai","TalkToTheHand+1","Flash of Steel+1","SkillPotion"],"campfire_rested":0,"item_purchase_floors":[3,31,31,36,44,44,54,54,54],"current_hp_per_floor":[61,61,61,61,61,61,61,61,61,62,62,62,62,62,62,35,55,50,44,44,30,30,29,41,40,40,26,23,35,37,37,52,15,50,49,49,49,51,51,50,46,37,37,37,38,38,38,46,61,53,49,62,66,66,59,26],"gold":39,"neow_bonus":"ONE_RARE_RELIC","is_prod":false,"is_daily":false,"chose_seed":false,"campfire_upgraded":8,"win_rate":0,"timestamp":1651179982,"path_taken":["M","?","$","M","?","E","R","?","T","E","R","E","R","E","R","BOSS","M","?","?","M","?","E","R","M","T","E","M","R","M","$","R","BOSS","M","$","?","?","?","E","M","E","T","$","E","?","?","E","R","BOSS","BOSS","R","$","E","BOSS"],"build_version":"2022-03-07","purchased_purges":3,"victory":true,"max_hp_per_floor":[62,62,62,62,62,62,62,62,62,62,62,62,62,62,62,62,62,62,62,62,62,62,62,62,62,62,62,62,62,62,62,62,62,62,62,62,62,62,62,62,62,62,62,62,62,59,59,66,66,66,66,66,66,66,66,66],"relic_stats":{"Torii":6,"counters":[28,128],"Eternal Feather":58,"StoneCalendar":[0],"Bag of Preparation":[28],"Letter Opener":[80],"Orichalcum":[72],"Ancient Tea Set":[4],"Mercury Hourglass":[408],"Blood Vial":39,"Centennial Puzzle":[17],"Matryoshka":2,"Ornamental Fan":[280],"Shuriken":[63],"Kunai":[30],"PureWater":[26],"obtain_stats":[{"Torii":44,"StoneCalendar":42,"Bag of Preparation":27,"TeardropLocket":55,"Empty Cage":17,"Ancient Tea Set":40,"ClockworkSouvenir":31,"Blood Vial":9,"Centennial Puzzle":43,"Matryoshka":6,"Strawberry":48,"Red Mask":19,"Kunai":44,"Thread and Needle":0,"Eternal Feather":23,"Letter Opener":45,"Orichalcum":14,"Mercury Hourglass":9,"Ornamental Fan":2,"Shuriken":12,"MutagenicStrength":20,"Molten Egg 2":10,"Coffee Dripper":34,"PureWater":0,"StrikeDummy":26},{"Torii":22,"StoneCalendar":22,"Bag of Preparation":14,"TeardropLocket":27,"Empty Cage":8,"Ancient Tea Set":20,"ClockworkSouvenir":16,"Blood Vial":4,"Centennial Puzzle":22,"Matryoshka":3,"Strawberry":24,"Red Mask":10,"Kunai":22,"Thread and Needle":0,"Eternal Feather":12,"Letter Opener":23,"Orichalcum":7,"Mercury Hourglass":4,"Ornamental Fan":1,"Shuriken":6,"MutagenicStrength":10,"Molten Egg 2":5,"Coffee Dripper":17,"PureWater":0,"StrikeDummy":13},{"Torii":100,"StoneCalendar":100,"Bag of Preparation":67,"TeardropLocket":120,"Empty Cage":38,"Ancient Tea Set":94,"ClockworkSouvenir":74,"Blood Vial":12,"Centennial Puzzle":100,"Matryoshka":11,"Strawberry":107,"Red Mask":49,"Kunai":100,"Thread and Needle":0,"Eternal Feather":59,"Letter Opener":105,"Orichalcum":26,"Mercury Hourglass":12,"Ornamental Fan":4,"Shuriken":23,"MutagenicStrength":49,"Molten Egg 2":18,"Coffee Dripper":83,"PureWater":0,"StrikeDummy":63}]},"card_choices":[{"not_picked":["WaveOfTheHand","Evaluate"],"picked":"Halt","floor":1.0},{"not_picked":["Prostrate","Halt"],"picked":"CutThroughFate","floor":4.0},{"not_picked":["Study","ClearTheMind"],"picked":"Crescendo","floor":6.0},{"not_picked":["SandsOfTime","Protect"],"picked":"JustLucky","floor":8.0},{"not_picked":["Protect","Weave+1"],"picked":"LessonLearned+1","floor":10.0},{"not_picked":["Prostrate","DeceiveReality"],"picked":"Adaptation","floor":12.0},{"not_picked":["WreathOfFlame","LessonLearned+1"],"picked":"ThirdEye","floor":14.0},{"not_picked":["Establishment","DevaForm"],"picked":"Wish","floor":16.0},{"not_picked":["ReachHeaven+1","ThirdEye"],"picked":"TalkToTheHand+1","floor":18.0},{"not_picked":["PathToVictory","CrushJoints+1"],"picked":"FlurryOfBlows+1","floor":19.0},{"not_picked":["WheelKick+1","ThirdEye"],"picked":"EmptyMind","floor":21.0},{"not_picked":["Meditate","ClearTheMind+1","Swivel"],"picked":"SKIP","floor":23.0},{"not_picked":["Meditate","ClearTheMind+1","Swivel"],"picked":"SKIP","floor":23.0},{"not_picked":["EmptyFist+1","DeceiveReality"],"picked":"CrushJoints+1","floor":25.0},{"not_picked":["Collect","Prostrate"],"picked":"EmptyFist+1","floor":27.0},{"not_picked":["ConjureBlade","Meditate"],"picked":"FlurryOfBlows+1","floor":28.0},{"not_picked":["SashWhip+1","PathToVictory"],"picked":"MentalFortress","floor":30.0},{"not_picked":["LessonLearned+1","Establishment"],"picked":"DevaForm","floor":33.0},{"not_picked":["FlurryOfBlows+1","Halt"],"picked":"CutThroughFate+1","floor":35.0},{"not_picked":["ForeignInfluence","Protect","FlurryOfBlows+1"],"picked":"SKIP","floor":38.0},{"not_picked":["ThirdEye","FlurryOfBlows+1"],"picked":"Omniscience","floor":40.0},{"not_picked":["BowlingBash+1","FollowUp+1","FlurryOfBlows+1"],"picked":"SKIP","floor":41.0},{"not_picked":["Crescendo","Prostrate"],"picked":"DeusExMachina","floor":42.0},{"not_picked":["Wireheading","Sanctity","Prostrate"],"picked":"SKIP","floor":45.0},{"not_picked":["LessonLearned+1","CrushJoints+1","Protect"],"picked":"SKIP","floor":48.0},{"not_picked":["SashWhip+1","Consecrate+1","Sanctity"],"picked":"SKIP","floor":55.0}],"player_experience":868965,"relics_obtained":[{"floor":6.0,"key":"Matryoshka"},{"floor":9.0,"key":"Blood Vial"},{"floor":9.0,"key":"Mercury Hourglass"},{"floor":10.0,"key":"Molten Egg 2"},{"floor":12.0,"key":"Shuriken"},{"floor":14.0,"key":"Orichalcum"},{"floor":19.0,"key":"Red Mask"},{"floor":23.0,"key":"Eternal Feather"},{"floor":26.0,"key":"StrikeDummy"},{"floor":27.0,"key":"Bag of Preparation"},{"floor":40.0,"key":"Ancient Tea Set"},{"floor":42.0,"key":"StoneCalendar"},{"floor":43.0,"key":"Centennial Puzzle"},{"floor":45.0,"key":"Letter Opener"},{"floor":48.0,"key":"Strawberry"},{"floor":55.0,"key":"TeardropLocket"}],"event_choices":[{"damage_healed":0.0,"max_hp_gain":0.0,"max_hp_loss":0.0,"gold_gain":0.0,"event_name":"Big Fish","player_choice":"Box","floor":2.0,"gold_loss":0.0,"damage_taken":0.0,"relics_obtained":["Ornamental Fan"],"cards_obtained":["Regret"]},{"damage_healed":0.0,"max_hp_gain":0.0,"max_hp_loss":0.0,"gold_gain":0.0,"event_name":"Upgrade Shrine","player_choice":"Upgraded","floor":5.0,"gold_loss":0.0,"damage_taken":0.0,"cards_upgraded":["CutThroughFate"]},{"damage_healed":0.0,"max_hp_gain":0.0,"max_hp_loss":0.0,"gold_gain":0.0,"event_name":"Masked Bandits","player_choice":"Fought Bandits","floor":19.0,"gold_loss":0.0,"damage_taken":0.0},{"damage_healed":0.0,"max_hp_gain":0.0,"max_hp_loss":0.0,"gold_gain":0.0,"event_name":"Drug Dealer","player_choice":"Inject Mutagens","floor":20.0,"gold_loss":0.0,"damage_taken":0.0,"relics_obtained":["MutagenicStrength"]},{"damage_healed":0.0,"max_hp_gain":0.0,"max_hp_loss":0.0,"gold_gain":0.0,"event_name":"Ghosts","player_choice":"Ignored","floor":22.0,"gold_loss":0.0,"damage_taken":0.0},{"damage_healed":0.0,"max_hp_gain":0.0,"max_hp_loss":0.0,"gold_gain":0.0,"cards_transformed":["DevaForm"],"event_name":"Transmorgrifier","player_choice":"Transformed","floor":37.0,"gold_loss":0.0,"damage_taken":0.0,"cards_obtained":["Indignation"]},{"damage_healed":0.0,"max_hp_gain":0.0,"max_hp_loss":0.0,"gold_gain":222.0,"event_name":"Tomb of Lord Red Mask","player_choice":"Wore Mask","floor":39.0,"gold_loss":0.0,"damage_taken":0.0},{"damage_healed":0.0,"max_hp_gain":0.0,"max_hp_loss":3.0,"gold_gain":0.0,"event_name":"Winding Halls","player_choice":"Max HP","floor":46.0,"gold_loss":0.0,"damage_taken":0.0},{"cards_removed":["Strike_P"],"damage_healed":0.0,"max_hp_gain":0.0,"max_hp_loss":0.0,"gold_gain":0.0,"event_name":"Bonfire Elementals","player_choice":"Offered Basic","floor":47.0,"gold_loss":0.0,"damage_taken":0.0}],"is_beta":false,"boss_relics":[{"not_picked":["SacredBark","Cursed Key"],"picked":"Empty Cage"},{"not_picked":["Pandora\u0027s Box","Velvet Choker"],"picked":"Coffee Dripper"}],"items_purged_floors":[3,31,54],"is_endless":false,"potions_floor_spawned":[1,4,16,23,25,33,40,41,42,48],"ascension_level":20}