{"gold_per_floor":[129,129,129,186,186,235,235,280,304,358,358,401,411,515,515,617,617,710,710,710,751,751,804,694,694,694,694,786,897,526,584,584,693,693,729,769,769,837,907,996,996,996,996,1115,1115,1183,1301,873,873,953,1008,1008,1008,487,518,518],"floor_reached":57,"playtime":4327,"items_purged":["Strike_P","Defend_P","Strike_P+1"],"score":3011,"play_id":"2a80b37e-963b-4a27-9df1-86dfc61f63b9","local_time":"20220831032823","is_ascension_mode":true,"campfire_choices":[{"floor":7.0,"key":"REST"},{"data":"HandOfGreed","floor":11.0,"key":"SMITH"},{"data":"Eruption","floor":15.0,"key":"SMITH"},{"data":"Wish","floor":25.0,"key":"SMITH"},{"data":"CutThroughFate","floor":27.0,"key":"SMITH"},{"floor":32.0,"key":"DIG"},{"floor":41.0,"key":"DIG"},{"floor":49.0,"key":"RECALL"},{"floor":53.0,"key":"DIG"}],"neow_cost":"TEN_PERCENT_HP_LOSS","seed_source_timestamp":0,"circlet_count":0,"master_deck":["AscendersBane","Strike_P+1","Defend_P+1","Defend_P+1","Eruption+1","Vigilance","HandOfGreed+1","CrushJoints","EmptyFist","Crescendo","Brilliance","FearNoEvil","CutThroughFate+1","Tantrum","Wish+1","WheelKick+1","Wallop+1","Adaptation+1","SpiritShield","Scrawl","WheelKick","TalkToTheHand+1","ThirdEye+1","Worship","Wallop","Vault","DevaForm+1","Ragnarok"],"special_seed":0,"relics":["PureWater","Whetstone","Frozen Egg 2","Vajra","White Beast Statue","Centennial Puzzle","Snecko Eye","Shuriken","Dream Catcher","Membership Card","PreservedInsect","Akabeko","Shovel","Lantern","Cursed Key","Orichalcum","Sundial","Mango","Oddly Smooth Stone","OrangePellets","Mercury Hourglass","Strange Spoon","Bronze Scales","Art of War","Pantograph"],"potions_floor_usage":[56,56],"damage_taken":[{"damage":2.0,"enemies":"Jaw Worm","floor":1.0,"turns":3.0},{"damage":4.0,"enemies":"Small Slimes","floor":4.0,"turns":4.0},{"damage":29.0,"enemies":"3 Sentries","floor":6.0,"turns":9.0},{"damage":14.0,"enemies":"Gremlin Nob","floor":8.0,"turns":3.0},{"damage":8.0,"enemies":"Lagavulin","floor":10.0,"turns":6.0},{"damage":0.0,"enemies":"Cultist","floor":12.0,"turns":2.0},{"damage":0.0,"enemies":"Exordium Thugs","floor":13.0,"turns":1.0},{"damage":3.0,"enemies":"3 Sentries","floor":14.0,"turns":11.0},{"damage":12.0,"enemies":"Hexaghost","floor":16.0,"turns":9.0},{"damage":4.0,"enemies":"3 Byrds","floor":18.0,"turns":5.0},{"damage":0.0,"enemies":"Spheric Guardian","floor":21.0,"turns":1.0},{"damage":0.0,"enemies":"Book of Stabbing","floor":23.0,"turns":3.0},{"damage":0.0,"enemies":"Centurion and Healer","floor":28.0,"turns":4.0},{"damage":7.0,"enemies":"Slavers","floor":29.0,"turns":4.0},{"damage":4.0,"enemies":"Gremlin Leader","floor":31.0,"turns":5.0},{"damage":0.0,"enemies":"Automaton","floor":33.0,"turns":6.0},{"damage":0.0,"enemies":"Orb Walker","floor":35.0,"turns":1.0},{"damage":0.0,"enemies":"3 Darklings","floor":36.0,"turns":2.0},{"damage":1.0,"enemies":"Jaw Worm Horde","floor":38.0,"turns":2.0},{"damage":0.0,"enemies":"Sphere and 2 Shapes","floor":39.0,"turns":3.0},{"damage":0.0,"enemies":"Nemesis","floor":40.0,"turns":3.0},{"damage":1.0,"enemies":"4 Shapes","floor":44.0,"turns":7.0},{"damage":0.0,"enemies":"Transient","floor":46.0,"turns":6.0},{"damage":11.0,"enemies":"Jaw Worm Horde","floor":47.0,"turns":6.0},{"damage":0.0,"enemies":"Donu and Deca","floor":50.0,"turns":4.0},{"damage":49.0,"enemies":"Awakened One","floor":51.0,"turns":8.0},{"damage":18.0,"enemies":"Shield and Spear","floor":55.0,"turns":2.0},{"damage":57,"enemies":"The Heart","floor":56,"turns":9}],"seed_played":"-4930605303456343538","potions_obtained":[{"floor":8.0,"key":"BottledMiracle"},{"floor":12.0,"key":"Dexterity Potion"},{"floor":13.0,"key":"PowerPotion"},{"floor":14.0,"key":"SkillPotion"},{"floor":16.0,"key":"Block Potion"},{"floor":18.0,"key":"SkillPotion"},{"floor":23.0,"key":"Energy Potion"},{"floor":28.0,"key":"Strength Potion"},{"floor":29.0,"key":"Weak Potion"},{"floor":31.0,"key":"PowerPotion"},{"floor":33.0,"key":"LiquidMemories"},{"floor":36.0,"key":"DistilledChaos"},{"floor":38.0,"key":"BottledMiracle"},{"floor":44.0,"key":"BlessingOfTheForge"},{"floor":46.0,"key":"Dexterity Potion"},{"floor":47.0,"key":"DistilledChaos"}],"is_trial":false,"path_per_floor":["M","?","?","M","?","E","R","E","T","E","R","M","M","E","R","B",null,"M","?","?","M","?","E","?","R","T","R","M","E","$","E","R","B",null,"M","M","?","M","M","E","R","?","T","M","?","M","M","$","R","B","B",null,"R","$","E","B",null],"character_chosen":"WATCHER","items_purchased":["Membership Card","PreservedInsect","Akabeko","Mango","Oddly Smooth Stone","OrangePellets","Wallop","Strange Spoon","Bronze Scales","Art of War","Vault","DevaForm+1","Fruit Juice","SpeedPotion"],"campfire_rested":1,"item_purchase_floors":[30,30,30,48,48,48,48,54,54,54,54,54,54,54],"current_hp_per_floor":[59,40,60,56,56,27,45,31,31,23,23,23,23,20,20,8,49,45,45,45,45,45,45,45,45,45,45,45,38,38,34,34,34,55,55,55,55,54,54,54,54,54,54,53,53,53,42,56,56,56,7,57,57,62,44,12],"gold":518,"neow_bonus":"RANDOM_COLORLESS_2","is_prod":false,"is_daily":false,"chose_seed":false,"campfire_upgraded":4,"win_rate":0,"timestamp":1661941703,"path_taken":["M","?","?","M","?","E","R","E","T","E","R","M","?","E","R","BOSS","M","?","?","M","?","E","?","R","T","R","?","E","$","E","R","BOSS","M","M","?","M","M","E","R","?","T","M","?","?","M","$","R","BOSS","BOSS","R","$","E","BOSS"],"build_version":"2022-03-07","purchased_purges":3,"victory":true,"max_hp_per_floor":[62,62,62,62,62,62,62,62,62,62,62,62,62,62,62,62,62,62,62,62,62,62,62,62,62,62,62,62,62,62,62,62,62,62,62,62,62,62,62,62,62,62,62,62,59,59,59,73,73,73,73,73,73,78,78,78],"relic_stats":{"counters":[28,129],"PreservedInsect":174,"Whetstone":["Strike_P","Strike_P"],"Orichalcum":[36],"Cursed Key":0,"White Beast Statue":[0.0,0.0,0.0,0.4,0.0,0.6000000000000001,0.0,0.0,0.0,0.0,0.0,9.679143680000001],"Mercury Hourglass":[33],"OrangePellets":[4],"Strange Spoon":[7],"Centennial Puzzle":[30],"Dream Catcher":0,"Shovel":3,"Shuriken":[48],"Sundial":[8],"Bronze Scales":[57],"Pantograph":25,"Snecko Eye":[161,154,153,120,-51],"Art of War":[0],"Membership Card":1148,"PureWater":[23],"obtain_stats":[{"Lantern":32,"Vajra":9,"Mango":48,"Whetstone":6,"Cursed Key":34,"Centennial Puzzle":14,"Dream Catcher":29,"Shovel":31,"Sundial":41,"Pantograph":55,"Oddly Smooth Stone":48,"PreservedInsect":30,"Frozen Egg 2":8,"Orichalcum":40,"White Beast Statue":10,"Akabeko":30,"Mercury Hourglass":53,"OrangePellets":48,"Strange Spoon":54,"Shuriken":23,"Bronze Scales":54,"Snecko Eye":17,"Art of War":54,"Membership Card":30,"PureWater":0},{"Lantern":15,"Vajra":4,"Mango":24,"Whetstone":3,"Cursed Key":16,"Centennial Puzzle":8,"Dream Catcher":14,"Shovel":15,"Sundial":21,"Pantograph":27,"Oddly Smooth Stone":24,"PreservedInsect":14,"Frozen Egg 2":4,"Orichalcum":21,"White Beast Statue":5,"Akabeko":14,"Mercury Hourglass":26,"OrangePellets":24,"Strange Spoon":26,"Shuriken":12,"Bronze Scales":26,"Snecko Eye":9,"Art of War":26,"Membership Card":14,"PureWater":0},{"Lantern":70,"Vajra":19,"Mango":106,"Whetstone":16,"Cursed Key":76,"Centennial Puzzle":39,"Dream Catcher":65,"Shovel":70,"Sundial":87,"Pantograph":120,"Oddly Smooth Stone":106,"PreservedInsect":65,"Frozen Egg 2":19,"Orichalcum":87,"White Beast Statue":25,"Akabeko":65,"Mercury Hourglass":118,"OrangePellets":106,"Strange Spoon":118,"Shuriken":57,"Bronze Scales":118,"Snecko Eye":48,"Art of War":118,"Membership Card":65,"PureWater":0}]},"card_choices":[{"not_picked":["Metamorphosis","Sadistic Nature"],"picked":"HandOfGreed","floor":0.0},{"not_picked":["WindmillStrike","Consecrate"],"picked":"CrushJoints","floor":1.0},{"not_picked":["SandsOfTime","ClearTheMind"],"picked":"EmptyFist","floor":4.0},{"not_picked":["EmptyFist","EmptyBody"],"picked":"Crescendo","floor":6.0},{"not_picked":["CrushJoints","EmptyBody"],"picked":"Brilliance","floor":8.0},{"not_picked":["DeceiveReality","EmptyBody"],"picked":"FearNoEvil","floor":10.0},{"not_picked":["ClearTheMind","Protect"],"picked":"CutThroughFate","floor":12.0},{"not_picked":["Meditate","EmptyBody","Evaluate"],"picked":"SKIP","floor":13.0},{"not_picked":["Perseverance","SandsOfTime"],"picked":"Tantrum","floor":14.0},{"not_picked":["Alpha","Scrawl"],"picked":"Wish","floor":16.0},{"not_picked":["Prostrate","Study+1","Nirvana+1"],"picked":"SKIP","floor":18.0},{"not_picked":["FlyingSleeves","FlurryOfBlows"],"picked":"WheelKick","floor":21.0},{"not_picked":["Pray","BowlingBash+1"],"picked":"Wallop+1","floor":23.0},{"not_picked":["Nirvana+1","SignatureMove","Consecrate"],"picked":"SKIP","floor":28.0},{"not_picked":["ForeignInfluence","Meditate"],"picked":"Adaptation+1","floor":29.0},{"not_picked":["JustLucky+1","ReachHeaven"],"picked":"SpiritShield","floor":31.0},{"not_picked":["Wish","Blasphemy"],"picked":"Scrawl","floor":33.0},{"not_picked":["Protect+1","CutThroughFate"],"picked":"WheelKick","floor":35.0},{"not_picked":["Conclude+1","SashWhip"],"picked":"TalkToTheHand+1","floor":36.0},{"not_picked":["SashWhip","Collect+1","Halt"],"picked":"SKIP","floor":38.0},{"not_picked":["Vengeance","CrushJoints","WreathOfFlame"],"picked":"SKIP","floor":39.0},{"not_picked":["LikeWater+1","FlyingSleeves"],"picked":"ThirdEye+1","floor":40.0},{"not_picked":["ThirdEye","WindmillStrike","EmptyBody+1"],"picked":"SKIP","floor":44.0},{"not_picked":["DeceiveReality","SashWhip","EmptyBody"],"picked":"SKIP","floor":46.0},{"not_picked":["Collect","PathToVictory"],"picked":"Worship","floor":47.0},{"not_picked":["CrushJoints+1","Nirvana+1"],"picked":"Ragnarok","floor":55.0}],"player_experience":1130346,"relics_obtained":[{"floor":6.0,"key":"Whetstone"},{"floor":8.0,"key":"Frozen Egg 2"},{"floor":9.0,"key":"Vajra"},{"floor":10.0,"key":"White Beast Statue"},{"floor":14.0,"key":"Centennial Puzzle"},{"floor":23.0,"key":"Shuriken"},{"floor":29.0,"key":"Dream Catcher"},{"floor":31.0,"key":"Shovel"},{"floor":32.0,"key":"Lantern"},{"floor":40.0,"key":"Orichalcum"},{"floor":41.0,"key":"Sundial"},{"floor":53.0,"key":"Mercury Hourglass"},{"floor":55.0,"key":"Pantograph"}],"event_choices":[{"damage_healed":0.0,"max_hp_gain":0.0,"max_hp_loss":0.0,"gold_gain":0.0,"event_name":"Shining Light","player_choice":"Entered Light","floor":2.0,"gold_loss":0.0,"damage_taken":19.0,"cards_upgraded":["Defend_P","Defend_P"]},{"damage_healed":20.0,"max_hp_gain":0.0,"max_hp_loss":0.0,"gold_gain":0.0,"event_name":"Big Fish","player_choice":"Banana","floor":3.0,"gold_loss":0.0,"damage_taken":0.0},{"damage_healed":0.0,"max_hp_gain":0.0,"max_hp_loss":0.0,"gold_gain":0.0,"event_name":"Match and Keep!","player_choice":"0 cards matched","floor":5.0,"gold_loss":0.0,"damage_taken":0.0,"cards_obtained":[]},{"cards_removed":["Defend_P"],"damage_healed":0.0,"max_hp_gain":0.0,"max_hp_loss":0.0,"gold_gain":0.0,"event_name":"Back to Basics","player_choice":"Elegance","floor":19.0,"gold_loss":0.0,"damage_taken":0.0},{"damage_healed":0.0,"max_hp_gain":0.0,"max_hp_loss":0.0,"gold_gain":0.0,"event_name":"The Mausoleum","player_choice":"Ignored","floor":20.0,"gold_loss":0.0,"damage_taken":0.0},{"damage_healed":0.0,"max_hp_gain":0.0,"max_hp_loss":0.0,"gold_gain":0.0,"event_name":"Vampires","player_choice":"Ignored","floor":22.0,"gold_loss":0.0,"damage_taken":0.0},{"cards_removed":["Strike_P"],"damage_healed":0.0,"max_hp_gain":0.0,"max_hp_loss":0.0,"gold_gain":0.0,"event_name":"Designer","player_choice":"Upgrade and Remove","floor":24.0,"gold_loss":110.0,"damage_taken":0.0,"cards_upgraded":["WheelKick"]},{"damage_healed":0.0,"max_hp_gain":0.0,"max_hp_loss":0.0,"gold_gain":0.0,"event_name":"SensoryStone","player_choice":"Memory 1","floor":37.0,"gold_loss":0.0,"damage_taken":0.0},{"damage_healed":0.0,"max_hp_gain":0.0,"max_hp_loss":0.0,"gold_gain":0.0,"event_name":"Tomb of Lord Red Mask","player_choice":"Ignored","floor":42.0,"gold_loss":0.0,"damage_taken":0.0},{"damage_healed":0.0,"max_hp_gain":0.0,"max_hp_loss":3.0,"gold_gain":0.0,"event_name":"Winding Halls","player_choice":"Max HP","floor":45.0,"gold_loss":0.0,"damage_taken":0.0}],"is_beta":false,"boss_relics":[{"not_picked":["Fusion Hammer","VioletLotus"],"picked":"Snecko Eye"},{"not_picked":["Velvet Choker","Runic Pyramid"],"picked":"Cursed Key"}],"items_purged_floors":[30,48,54],"is_endless":false,"potions_floor_spawned":[8,12,13,14,16,18,21,23,28,29,31,33,35,36,38,39,40,44,46,47,55],"ascension_level":20}