{"gold_per_floor":[166,166,182,196,214,247,247,281,281,86,96,431,443,459,459,533,533,543,543,543,554,568,598,608,608,654,673,707,707,732,748,748,823,823,843,388,402,442,456,456,495,551,551,582,582,632,632,632,632,657,657,657,657,20,51,51],"floor_reached":57,"playtime":5004,"items_purged":["Defend_P","Strike_P","Strike_P"],"score":3027,"play_id":"720fb3e0-2f6d-45fb-93a0-8182a92ccd19","local_time":"20220923034427","is_ascension_mode":true,"campfire_choices":[{"data":"Blasphemy","floor":15.0,"key":"SMITH"},{"data":"Adaptation","floor":25.0,"key":"SMITH"},{"floor":29.0,"key":"REST"},{"data":"Tantrum","floor":32.0,"key":"SMITH"},{"data":"Meditate","floor":40.0,"key":"SMITH"},{"floor":47.0,"key":"REST"},{"floor":49.0,"key":"RECALL"},{"floor":53.0,"key":"REST"}],"neow_cost":"NONE","seed_source_timestamp":0,"circlet_count":0,"master_deck":["AscendersBane","Strike_P+1","Strike_P+1","Defend_P","Defend_P","Eruption+1","Vigilance","Consecrate","Tantrum+1","Halt","EmptyBody","Blasphemy+1","Crescendo","FearNoEvil+1","Adaptation+1","FlurryOfBlows+1","EmptyFist+1","WheelKick+1","CrushJoints+1","WheelKick+1","ClearTheMind+1","CutThroughFate+1","Wish","Adaptation+1","TalkToTheHand+1","Meditate+1","MentalFortress+1","Study+1","Wallop+1","Secret Weapon","JustLucky+1","Evaluate+1"],"special_seed":0,"relics":["Tiny House","Gambling Chip","Blood Vial","Molten Egg 2","Old Coin","VioletLotus","Regal Pillow","Frozen Egg 2","MealTicket","Black Star","Lantern","Bag of Marbles","Akabeko","Centennial Puzzle","Kunai","Ornamental Fan","Whetstone","Pen Nib","InkBottle","Toy Ornithopter","Letter Opener","Happy Flower"],"potions_floor_usage":[56,56],"damage_taken":[{"damage":6.0,"enemies":"Jaw Worm","floor":1.0,"turns":4.0},{"damage":1.0,"enemies":"2 Louse","floor":3.0,"turns":3.0},{"damage":6.0,"enemies":"Cultist","floor":4.0,"turns":4.0},{"damage":0.0,"enemies":"2 Fungi Beasts","floor":5.0,"turns":3.0},{"damage":10.0,"enemies":"Gremlin Nob","floor":6.0,"turns":3.0},{"damage":13.0,"enemies":"Lagavulin","floor":8.0,"turns":3.0},{"damage":3.0,"enemies":"Lots of Slimes","floor":11.0,"turns":3.0},{"damage":10.0,"enemies":"Gremlin Nob","floor":12.0,"turns":3.0},{"damage":0.0,"enemies":"Large Slime","floor":13.0,"turns":1.0},{"damage":0.0,"enemies":"Exordium Wildlife","floor":14.0,"turns":2.0},{"damage":0.0,"enemies":"Slime Boss","floor":16.0,"turns":4.0},{"damage":9.0,"enemies":"2 Thieves","floor":18.0,"turns":3.0},{"damage":9.0,"enemies":"Shell Parasite","floor":21.0,"turns":3.0},{"damage":18.0,"enemies":"Snecko","floor":22.0,"turns":4.0},{"damage":31.0,"enemies":"Gremlin Leader","floor":23.0,"turns":5.0},{"damage":0.0,"enemies":"Centurion and Healer","floor":24.0,"turns":4.0},{"damage":0.0,"enemies":"Snake Plant","floor":27.0,"turns":2.0},{"damage":25.0,"enemies":"Book of Stabbing","floor":28.0,"turns":3.0},{"damage":0.0,"enemies":"Gremlin Leader","floor":30.0,"turns":2.0},{"damage":23.0,"enemies":"Cultist and Chosen","floor":31.0,"turns":4.0},{"damage":13.0,"enemies":"Champ","floor":33.0,"turns":9.0},{"damage":0.0,"enemies":"Orb Walker","floor":35.0,"turns":1.0},{"damage":6.0,"enemies":"3 Shapes","floor":37.0,"turns":2.0},{"damage":22.0,"enemies":"Spire Growth","floor":38.0,"turns":3.0},{"damage":3.0,"enemies":"3 Darklings","floor":39.0,"turns":4.0},{"damage":0.0,"enemies":"Transient","floor":41.0,"turns":6.0},{"damage":1.0,"enemies":"Giant Head","floor":42.0,"turns":4.0},{"damage":44.0,"enemies":"Reptomancer","floor":44.0,"turns":6.0},{"damage":0.0,"enemies":"Nemesis","floor":46.0,"turns":5.0},{"damage":30.0,"enemies":"Awakened One","floor":50.0,"turns":8.0},{"damage":20.0,"enemies":"Time Eater","floor":51.0,"turns":7.0},{"damage":4.0,"enemies":"Shield and Spear","floor":55.0,"turns":4.0},{"damage":76,"enemies":"The Heart","floor":56,"turns":8}],"seed_played":"8474736991430252635","potions_obtained":[{"floor":0.0,"key":"ColorlessPotion"},{"floor":1.0,"key":"ColorlessPotion"},{"floor":6.0,"key":"LiquidBronze"},{"floor":8.0,"key":"BottledMiracle"},{"floor":11.0,"key":"SteroidPotion"},{"floor":16.0,"key":"Weak Potion"},{"floor":23.0,"key":"Strength Potion"},{"floor":28.0,"key":"Block Potion"},{"floor":30.0,"key":"Regen Potion"},{"floor":37.0,"key":"Energy Potion"},{"floor":39.0,"key":"AttackPotion"},{"floor":42.0,"key":"SpeedPotion"},{"floor":46.0,"key":"SkillPotion"}],"is_trial":false,"path_per_floor":["M","?","M","M","M","E","?","E","T","$","M","E","M","M","R","B",null,"M","?","?","M","M","E","M","R","T","M","E","R","E","M","R","B",null,"M","$","M","M","M","R","M","E","T","E","?","E","R","T","R","B","B",null,"R","$","E","B",null],"character_chosen":"WATCHER","items_purchased":["FearNoEvil+1","Adaptation","Adaptation+1","TalkToTheHand+1","Lantern","Meditate","Block Potion","ColorlessPotion","Toy Ornithopter","Secret Weapon","JustLucky+1"],"campfire_rested":3,"item_purchase_floors":[10,10,36,36,36,36,54,54,54,54,54],"current_hp_per_floor":[60,60,59,53,53,43,73,60,60,60,59,51,53,55,55,57,69,62,41,78,69,53,24,26,26,26,28,5,43,45,24,24,28,66,68,78,72,52,51,51,53,54,54,12,12,14,51,51,51,23,5,57,74,74,70,6],"gold":51,"neow_bonus":"BOSS_RELIC","is_prod":false,"is_daily":false,"chose_seed":false,"campfire_upgraded":4,"win_rate":0,"timestamp":1663922667,"path_taken":["M","?","M","M","M","E","?","E","T","$","M","E","M","M","R","BOSS","M","?","?","M","M","E","M","R","T","M","E","R","E","?","R","BOSS","M","$","M","M","M","R","M","E","T","E","?","E","R","?","R","BOSS","BOSS","R","$","E","BOSS"],"build_version":"2022-03-07","purchased_purges":3,"victory":true,"max_hp_per_floor":[73,73,73,73,73,73,73,73,73,73,73,73,73,73,73,73,73,73,78,78,78,78,78,78,78,78,78,78,78,78,78,78,78,78,78,78,78,78,78,78,78,78,78,78,74,74,74,74,74,74,74,74,74,74,74,74],"relic_stats":{"Regal Pillow":30,"Happy Flower":[2],"counters":[33,130],"Pen Nib":[11],"Whetstone":["Strike_P","Strike_P"],"Letter Opener":[30],"Blood Vial":48,"Centennial Puzzle":[15],"Ornamental Fan":[136],"Gambling Chip":[71],"MealTicket":10,"VioletLotus":[70],"Black Star":4,"Kunai":[34],"obtain_stats":[{"Regal Pillow":23,"Lantern":36,"Tiny House":0,"Happy Flower":55,"Pen Nib":46,"Whetstone":46,"Letter Opener":55,"Frozen Egg 2":28,"Akabeko":42,"Old Coin":12,"Blood Vial":8,"Centennial Puzzle":43,"Ornamental Fan":44,"Gambling Chip":6,"Molten Egg 2":9,"MealTicket":30,"VioletLotus":17,"Black Star":34,"Bag of Marbles":42,"Kunai":44,"PureWater":0,"InkBottle":48,"Toy Ornithopter":54},{"Regal Pillow":15,"Lantern":22,"Tiny House":0,"Happy Flower":32,"Pen Nib":29,"Whetstone":29,"Letter Opener":32,"Frozen Egg 2":18,"Akabeko":27,"Old Coin":8,"Blood Vial":6,"Centennial Puzzle":27,"Ornamental Fan":28,"Gambling Chip":5,"Molten Egg 2":6,"MealTicket":19,"VioletLotus":11,"Black Star":21,"Bag of Marbles":27,"Kunai":28,"PureWater":0,"InkBottle":29,"Toy Ornithopter":31},{"Regal Pillow":48,"Lantern":73,"Tiny House":0,"Happy Flower":122,"Pen Nib":103,"Whetstone":103,"Letter Opener":122,"Frozen Egg 2":57,"Akabeko":92,"Old Coin":26,"Blood Vial":20,"Centennial Puzzle":92,"Ornamental Fan":98,"Gambling Chip":17,"Molten Egg 2":20,"MealTicket":59,"VioletLotus":33,"Black Star":72,"Bag of Marbles":92,"Kunai":98,"PureWater":0,"InkBottle":103,"Toy Ornithopter":118}],"InkBottle":[20],"Toy Ornithopter":10},"card_choices":[{"not_picked":["Perseverance","Protect"],"picked":"Consecrate","floor":0.0},{"not_picked":["EmptyBody","Evaluate"],"picked":"Tantrum","floor":1.0},{"not_picked":["SandsOfTime","SashWhip"],"picked":"Halt","floor":3.0},{"not_picked":["WindmillStrike","ThirdEye"],"picked":"EmptyBody","floor":4.0},{"not_picked":["Wallop","FlurryOfBlows"],"picked":"Blasphemy","floor":5.0},{"not_picked":["FlyingSleeves","Prostrate","Alpha"],"picked":"SKIP","floor":6.0},{"not_picked":["Evaluate","FlyingSleeves"],"picked":"Crescendo","floor":8.0},{"not_picked":["FlyingSleeves+1","Collect","Perseverance"],"picked":"SKIP","floor":11.0},{"not_picked":["Halt","WindmillStrike+1","Vengeance"],"picked":"SKIP","floor":12.0},{"not_picked":["ThirdEye","Prostrate"],"picked":"FlurryOfBlows+1","floor":13.0},{"not_picked":["Prostrate","Indignation"],"picked":"EmptyFist+1","floor":14.0},{"not_picked":["FlyingSleeves+1","EmptyFist+1"],"picked":"WheelKick+1","floor":18.0},{"not_picked":["Halt","ClearTheMind"],"picked":"CrushJoints+1","floor":21.0},{"not_picked":["Protect","EmptyBody","Fasting2"],"picked":"SKIP","floor":22.0},{"not_picked":["WaveOfTheHand","Fasting2","FlurryOfBlows+1"],"picked":"SKIP","floor":23.0},{"not_picked":["JustLucky+1","Blasphemy","Collect"],"picked":"SKIP","floor":24.0},{"not_picked":["Adaptation","Halt"],"picked":"WheelKick+1","floor":27.0},{"not_picked":["ThirdEye","CrushJoints+1"],"picked":"ClearTheMind+1","floor":28.0},{"not_picked":["Prostrate","Judgement","CrushJoints+1"],"picked":"SKIP","floor":30.0},{"not_picked":["Evaluate","Halt"],"picked":"CutThroughFate+1","floor":31.0},{"not_picked":["SpiritShield","Judgement"],"picked":"Wish","floor":33.0},{"not_picked":["SashWhip+1","Prostrate","BowlingBash+1"],"picked":"SKIP","floor":35.0},{"not_picked":["EmptyFist+1","ReachHeaven+1"],"picked":"MentalFortress+1","floor":37.0},{"not_picked":["WheelKick+1","ReachHeaven+1","Halt+1"],"picked":"SKIP","floor":38.0},{"not_picked":["JustLucky+1","FlurryOfBlows+1","CrushJoints+1"],"picked":"SKIP","floor":39.0},{"not_picked":["Establishment+1","Fasting2+1","SignatureMove+1"],"picked":"SKIP","floor":41.0},{"not_picked":["Adaptation+1","SashWhip+1"],"picked":"Study+1","floor":42.0},{"not_picked":["LikeWater+1","Prostrate","Nirvana+1"],"picked":"SKIP","floor":44.0},{"not_picked":["ThirdEye","TalkToTheHand+1"],"picked":"Wallop+1","floor":46.0},{"not_picked":["EmptyBody","Tantrum+1"],"picked":"Evaluate+1","floor":55.0}],"player_experience":1211737,"relics_obtained":[{"floor":6.0,"key":"Gambling Chip"},{"floor":8.0,"key":"Blood Vial"},{"floor":9.0,"key":"Molten Egg 2"},{"floor":12.0,"key":"Old Coin"},{"floor":23.0,"key":"Regal Pillow"},{"floor":28.0,"key":"Frozen Egg 2"},{"floor":30.0,"key":"MealTicket"},{"floor":42.0,"key":"Bag of Marbles"},{"floor":42.0,"key":"Akabeko"},{"floor":43.0,"key":"Centennial Puzzle"},{"floor":44.0,"key":"Kunai"},{"floor":44.0,"key":"Ornamental Fan"},{"floor":46.0,"key":"Whetstone"},{"floor":46.0,"key":"Pen Nib"},{"floor":48.0,"key":"InkBottle"},{"floor":55.0,"key":"Letter Opener"},{"floor":55.0,"key":"Happy Flower"}],"event_choices":[{"damage_healed":0.0,"max_hp_gain":0.0,"max_hp_loss":0.0,"gold_gain":0.0,"cards_transformed":["Defend_P"],"event_name":"Living Wall","player_choice":"Change","floor":2.0,"gold_loss":0.0,"damage_taken":0.0,"cards_obtained":["ForeignInfluence"]},{"cards_removed":["ForeignInfluence"],"damage_healed":30.0,"max_hp_gain":0.0,"max_hp_loss":0.0,"gold_gain":0.0,"event_name":"Bonfire Elementals","player_choice":"Offered Uncommon","floor":7.0,"gold_loss":0.0,"damage_taken":0.0},{"damage_healed":0.0,"max_hp_gain":5.0,"max_hp_loss":0.0,"gold_gain":0.0,"event_name":"Forgotten Altar","player_choice":"Shed Blood","floor":19.0,"gold_loss":0.0,"damage_taken":26.0},{"damage_healed":37.0,"max_hp_gain":0.0,"max_hp_loss":0.0,"gold_gain":0.0,"event_name":"Wheel of Change","player_choice":"Full Heal","floor":20.0,"gold_loss":0.0,"damage_taken":0.0},{"damage_healed":0.0,"max_hp_gain":0.0,"max_hp_loss":4.0,"gold_gain":0.0,"event_name":"Winding Halls","player_choice":"Max HP","floor":45.0,"gold_loss":0.0,"damage_taken":0.0}],"is_beta":false,"boss_relics":[{"not_picked":["SacredBark","Fusion Hammer"],"picked":"VioletLotus"},{"not_picked":["Sozu","Busted Crown"],"picked":"Black Star"}],"items_purged_floors":[10,36,54],"is_endless":false,"potions_floor_spawned":[1,6,8,11,14,16,23,24,27,28,30,37,39,42,46],"ascension_level":20}