{"gold_per_floor":[11,11,22,40,51,80,5,36,63,76,76,111,123,135,147,234,246,274,305,330,352,379,419,431,470,509,276,295,295,329,18,18,92,92,108,108,88,101,120,120,147,200,227,227,78,78,88,113,113,113,113,113,113,23,52,52],"floor_reached":56,"playtime":4686,"items_purged":["Defend_P","Strike_P","Strike_P+1"],"score":2170,"play_id":"019b6e7a-522c-4c57-907c-c3dff75e30dd","local_time":"20220914232543","is_ascension_mode":true,"campfire_choices":[{"data":"Eruption","floor":15.0,"key":"SMITH"},{"floor":24.0,"key":"REST"},{"data":"WaveOfTheHand","floor":32.0,"key":"SMITH"},{"floor":40.0,"key":"REST"},{"data":"TalkToTheHand","floor":44.0,"key":"SMITH"},{"floor":49.0,"key":"RECALL"},{"data":"CutThroughFate","floor":53.0,"key":"SMITH"}],"neow_cost":"NO_GOLD","seed_source_timestamp":0,"circlet_count":0,"master_deck":["AscendersBane","Defend_P+1","Eruption+1","Vigilance+1","EmptyFist","EmptyFist","FearNoEvil+1","WheelKick+1","Wallop+1","Tantrum+1","Crescendo+1","LessonLearned+1","Conclude+1","WaveOfTheHand+1","EmptyMind+1","Protect","TalkToTheHand+1","MentalFortress+1","Trip+1","Master of Strategy+1","Adaptation+1","CutThroughFate+1","CrushJoints+1","Regret","Scrawl","ThirdEye","FlurryOfBlows","ThirdEye"],"special_seed":0,"relics":["PureWater","StoneCalendar","FaceOfCleric","Art of War","Centennial Puzzle","Strawberry","MawBank","Empty Cage","The Courier","Bag of Preparation","Blood Vial","Lee\u0027s Waffle","MealTicket","Cursed Key","FossilizedHelix","CloakClasp","Bottled Tornado","Thread and Needle"],"potions_floor_usage":[56,56],"damage_taken":[{"damage":5.0,"enemies":"2 Louse","floor":1.0,"turns":4.0},{"damage":0.0,"enemies":"Cultist","floor":3.0,"turns":4.0},{"damage":2.0,"enemies":"Jaw Worm","floor":4.0,"turns":2.0},{"damage":0.0,"enemies":"Gremlin Gang","floor":5.0,"turns":5.0},{"damage":0.0,"enemies":"Gremlin Nob","floor":6.0,"turns":3.0},{"damage":2.0,"enemies":"3 Sentries","floor":8.0,"turns":5.0},{"damage":8.0,"enemies":"3 Louse","floor":10.0,"turns":3.0},{"damage":2.0,"enemies":"Gremlin Nob","floor":12.0,"turns":3.0},{"damage":0.0,"enemies":"Slime Boss","floor":16.0,"turns":5.0},{"damage":4.0,"enemies":"3 Byrds","floor":18.0,"turns":5.0},{"damage":13.0,"enemies":"Shell Parasite","floor":19.0,"turns":2.0},{"damage":17.0,"enemies":"Shelled Parasite and Fungi","floor":20.0,"turns":4.0},{"damage":3.0,"enemies":"3 Cultists","floor":21.0,"turns":4.0},{"damage":3.0,"enemies":"Snake Plant","floor":22.0,"turns":2.0},{"damage":22.0,"enemies":"Slavers","floor":23.0,"turns":3.0},{"damage":25.0,"enemies":"Gremlin Leader","floor":25.0,"turns":7.0},{"damage":9.0,"enemies":"Centurion and Healer","floor":28.0,"turns":4.0},{"damage":18.0,"enemies":"Book of Stabbing","floor":30.0,"turns":5.0},{"damage":57.0,"enemies":"Automaton","floor":33.0,"turns":11.0},{"damage":32.0,"enemies":"3 Darklings","floor":35.0,"turns":6.0},{"damage":0.0,"enemies":"Orb Walker","floor":38.0,"turns":3.0},{"damage":2.0,"enemies":"3 Darklings","floor":39.0,"turns":6.0},{"damage":0.0,"enemies":"Giant Head","floor":41.0,"turns":6.0},{"damage":0.0,"enemies":"2 Orb Walkers","floor":42.0,"turns":3.0},{"damage":4.0,"enemies":"Transient","floor":47.0,"turns":6.0},{"damage":21.0,"enemies":"Nemesis","floor":48.0,"turns":7.0},{"damage":16.0,"enemies":"Time Eater","floor":50.0,"turns":7.0},{"damage":36.0,"enemies":"Awakened One","floor":51.0,"turns":12.0},{"damage":14.0,"enemies":"Shield and Spear","floor":55.0,"turns":5.0},{"damage":111,"enemies":"The Heart","floor":56,"turns":8}],"seed_played":"2398533499722773655","potions_obtained":[{"floor":4.0,"key":"ColorlessPotion"},{"floor":5.0,"key":"Explosive Potion"},{"floor":10.0,"key":"Strength Potion"},{"floor":12.0,"key":"EssenceOfSteel"},{"floor":16.0,"key":"BlessingOfTheForge"},{"floor":19.0,"key":"AttackPotion"},{"floor":23.0,"key":"BottledMiracle"},{"floor":28.0,"key":"BlessingOfTheForge"},{"floor":30.0,"key":"BottledMiracle"},{"floor":37.0,"key":"DuplicationPotion"},{"floor":47.0,"key":"Regen Potion"},{"floor":55.0,"key":"Regen Potion"}],"is_trial":false,"path_per_floor":["M","?","M","M","M","E","$","E","T","M","?","E","$","?","R","B",null,"M","M","M","M","M","E","R","E","T","$","M","?","E","$","R","B",null,"M","?","?","M","M","R","E","?","T","R","$","?","M","E","R","B","B",null,"R","$","E","B"],"character_chosen":"WATCHER","items_purchased":["TalkToTheHand","Lee\u0027s Waffle","Trip","Master of Strategy","Scrawl","ThirdEye","FlurryOfBlows","EntropicBrew"],"campfire_rested":2,"item_purchase_floors":[27,27,31,31,45,45,45,54],"current_hp_per_floor":[56,56,57,56,57,58,58,57,64,57,50,49,49,49,49,50,75,72,60,44,42,40,19,45,21,21,97,89,89,74,89,89,35,84,55,55,55,58,59,88,91,94,94,94,100,100,97,79,79,66,48,90,90,104,91,0],"gold":52,"neow_bonus":"ONE_RARE_RELIC","is_prod":false,"is_daily":false,"chose_seed":false,"campfire_upgraded":4,"win_rate":0,"timestamp":1663215943,"path_taken":["M","?","M","M","M","E","?","E","T","M","?","E","$","?","R","BOSS","M","M","M","M","M","E","R","E","T","$","M","?","E","$","R","BOSS","M","?","?","?","M","R","E","?","T","R","$","?","M","E","R","BOSS","BOSS","R","$","E","BOSS"],"build_version":"2022-03-07","purchased_purges":3,"victory":false,"max_hp_per_floor":[68,68,69,70,71,72,72,73,80,81,81,82,82,82,82,83,83,84,85,86,87,88,89,89,90,90,97,98,98,99,99,99,100,100,101,96,96,97,98,98,99,100,100,100,100,100,101,102,102,103,104,104,104,104,105,105],"relic_stats":{"Lee\u0027s Waffle":76,"counters":[30,150],"StoneCalendar":[154],"The Courier":199,"Bag of Preparation":[28],"CloakClasp":[201],"Bottled Tornado":"Adaptation","MawBank":180,"Cursed Key":1,"Blood Vial":22,"Centennial Puzzle":[60],"FaceOfCleric":28,"MealTicket":35,"Art of War":[7],"PureWater":[29],"obtain_stats":[{"Lee\u0027s Waffle":27,"StoneCalendar":0,"Thread and Needle":55,"The Courier":23,"Bag of Preparation":25,"CloakClasp":42,"Bottled Tornado":48,"MawBank":12,"Empty Cage":17,"Cursed Key":34,"Blood Vial":26,"Centennial Puzzle":8,"FaceOfCleric":2,"Strawberry":9,"MealTicket":30,"Art of War":6,"PureWater":0,"FossilizedHelix":41},{"Lee\u0027s Waffle":16,"StoneCalendar":0,"Thread and Needle":29,"The Courier":15,"Bag of Preparation":16,"CloakClasp":24,"Bottled Tornado":26,"MawBank":8,"Empty Cage":9,"Cursed Key":19,"Blood Vial":16,"Centennial Puzzle":6,"FaceOfCleric":1,"Strawberry":6,"MealTicket":18,"Art of War":5,"PureWater":0,"FossilizedHelix":23},{"Lee\u0027s Waffle":61,"StoneCalendar":0,"Thread and Needle":142,"The Courier":54,"Bag of Preparation":61,"CloakClasp":105,"Bottled Tornado":118,"MawBank":29,"Empty Cage":34,"Cursed Key":81,"Blood Vial":61,"Centennial Puzzle":23,"FaceOfCleric":4,"Strawberry":23,"MealTicket":70,"Art of War":18,"PureWater":0,"FossilizedHelix":102}],"FossilizedHelix":[31]},"card_choices":[{"not_picked":["Nirvana","SashWhip"],"picked":"EmptyFist","floor":1.0},{"not_picked":["Worship","Evaluate"],"picked":"EmptyFist","floor":3.0},{"not_picked":["WaveOfTheHand","ReachHeaven"],"picked":"FearNoEvil","floor":4.0},{"not_picked":["ForeignInfluence","MentalFortress"],"picked":"WheelKick","floor":5.0},{"not_picked":["EmptyFist","Alpha"],"picked":"Wallop","floor":6.0},{"not_picked":["Weave","ThirdEye"],"picked":"Tantrum","floor":8.0},{"not_picked":["Wireheading","Nirvana"],"picked":"Crescendo","floor":10.0},{"not_picked":["Meditate","Study","Vengeance"],"picked":"SKIP","floor":12.0},{"not_picked":["Judgement","Blasphemy"],"picked":"LessonLearned","floor":16.0},{"not_picked":["FlyingSleeves","Evaluate","FollowUp"],"picked":"SKIP","floor":18.0},{"not_picked":["FollowUp","CrushJoints"],"picked":"Conclude","floor":19.0},{"not_picked":["ConjureBlade","LikeWater","Sanctity"],"picked":"SKIP","floor":20.0},{"not_picked":["JustLucky","Collect","DeceiveReality"],"picked":"SKIP","floor":21.0},{"not_picked":["Wireheading","FollowUp"],"picked":"WaveOfTheHand","floor":22.0},{"not_picked":["FlyingSleeves","ClearTheMind+1"],"picked":"EmptyMind","floor":23.0},{"not_picked":["Pray","Wireheading"],"picked":"Protect","floor":25.0},{"not_picked":["Swivel","Fasting2"],"picked":"MentalFortress+1","floor":28.0},{"not_picked":["CrushJoints","Nirvana+1","MasterReality"],"picked":"SKIP","floor":30.0},{"not_picked":["SignatureMove+1","Conclude","EmptyBody"],"picked":"SKIP","floor":35.0},{"not_picked":["Evaluate","SandsOfTime"],"picked":"Adaptation","floor":38.0},{"not_picked":["ConjureBlade","PathToVictory"],"picked":"CutThroughFate","floor":39.0},{"not_picked":["Protect","Halt+1"],"picked":"DeusExMachina","floor":41.0},{"not_picked":["Conclude+1","LikeWater+1"],"picked":"CrushJoints+1","floor":42.0},{"not_picked":["WreathOfFlame","SashWhip","Nirvana+1"],"picked":"SKIP","floor":47.0},{"not_picked":["MasterReality","PathToVictory"],"picked":"ThirdEye","floor":48.0},{"not_picked":["Conclude","ClearTheMind","FlyingSleeves"],"picked":"SKIP","floor":55.0}],"player_experience":1188784,"relics_obtained":[{"floor":6.0,"key":"Art of War"},{"floor":8.0,"key":"Centennial Puzzle"},{"floor":9.0,"key":"Strawberry"},{"floor":12.0,"key":"MawBank"},{"floor":23.0,"key":"The Courier"},{"floor":25.0,"key":"Bag of Preparation"},{"floor":26.0,"key":"Blood Vial"},{"floor":30.0,"key":"MealTicket"},{"floor":41.0,"key":"FossilizedHelix"},{"floor":42.0,"key":"CloakClasp"},{"floor":48.0,"key":"Bottled Tornado"},{"floor":55.0,"key":"Thread and Needle"}],"event_choices":[{"damage_healed":0.0,"max_hp_gain":0.0,"max_hp_loss":0.0,"gold_gain":0.0,"event_name":"FaceTrader","player_choice":"Trade","floor":2.0,"gold_loss":0.0,"damage_taken":0.0,"relics_obtained":["FaceOfCleric"]},{"cards_removed":["Strike_P"],"damage_healed":0.0,"max_hp_gain":0.0,"max_hp_loss":0.0,"gold_gain":0.0,"event_name":"Golden Wing","player_choice":"Card Removal","floor":11.0,"gold_loss":0.0,"damage_taken":7.0},{"damage_healed":0.0,"max_hp_gain":0.0,"max_hp_loss":0.0,"gold_gain":0.0,"event_name":"Liars Game","player_choice":"Ignored","floor":14.0,"gold_loss":0.0,"damage_taken":0.0},{"cards_removed":["Defend_P"],"damage_healed":0.0,"max_hp_gain":0.0,"max_hp_loss":0.0,"gold_gain":0.0,"event_name":"Purifier","player_choice":"Purged","floor":29.0,"gold_loss":0.0,"damage_taken":0.0},{"damage_healed":0.0,"max_hp_gain":0.0,"max_hp_loss":5.0,"gold_gain":0.0,"event_name":"Winding Halls","player_choice":"Max HP","floor":36.0,"gold_loss":0.0,"damage_taken":0.0},{"damage_healed":0.0,"max_hp_gain":0.0,"max_hp_loss":0.0,"gold_gain":0.0,"event_name":"The Woman in Blue","player_choice":"Bought 1 Potion","floor":37.0,"gold_loss":0.0,"damage_taken":0.0},{"damage_healed":0.0,"max_hp_gain":0.0,"max_hp_loss":0.0,"gold_gain":0.0,"event_name":"Mysterious Sphere","player_choice":"Fight","floor":42.0,"gold_loss":0.0,"damage_taken":0.0},{"cards_removed":["DeusExMachina"],"damage_healed":0.0,"max_hp_gain":0.0,"max_hp_loss":0.0,"gold_gain":0.0,"event_name":"Falling","player_choice":"Removed Skill","floor":46.0,"gold_loss":0.0,"damage_taken":0.0}],"is_beta":false,"boss_relics":[{"not_picked":["Tiny House","Ectoplasm"],"picked":"Empty Cage"},{"not_picked":["Philosopher\u0027s Stone","Sozu"],"picked":"Cursed Key"}],"items_purged_floors":[7,27,31],"is_endless":false,"potions_floor_spawned":[4,5,10,12,16,19,23,28,30,38,41,47,55],"killed_by":"The Heart","ascension_level":20}