{"gold_per_floor":[112,122,140,140,140,169,169,204,204,233,249,283,283,341,341,418,418,428,443,463,142,160,191,191,219,219,250,5,23,123,141,141,213,213,228,240,165,205,272,352,444,344,344,432,432,525,29,29,29,89,149,149,149,46,74,74],"floor_reached":57,"playtime":6393,"items_purged":["Defend_P","PathToVictory+1","Strike_P+1","Strike_P+1"],"score":3241,"play_id":"55a773f6-43a7-46d4-a518-b62b0bcf1917","local_time":"20221001211051","is_ascension_mode":true,"campfire_choices":[{"data":"Eruption","floor":7.0,"key":"SMITH"},{"data":"Conclude","floor":13.0,"key":"SMITH"},{"data":"LessonLearned","floor":15.0,"key":"SMITH"},{"floor":32.0,"key":"RECALL"},{"data":"Omniscience","floor":45.0,"key":"SMITH"},{"data":"Adaptation","floor":49.0,"key":"SMITH"}],"neow_cost":"NONE","seed_source_timestamp":0,"circlet_count":0,"master_deck":["AscendersBane","Strike_P+1","Defend_P+1","Defend_P+1","Eruption+1","Vigilance+1","CarveReality+1","Halt+1","Wireheading+1","Meditate+1","Conclude+1","LessonLearned+1","Weave+1","Blasphemy+1","ThirdEye+1","Vengeance+1","EmptyFist+1","Wallop+1","Adaptation+1","ReachHeaven+1","FearNoEvil+1","WheelKick+1","Wallop+1","Omniscience+1","Wish+1","Crescendo+1","Protect+1"],"special_seed":0,"relics":["Coffee Dripper","Regal Pillow","Dead Branch","White Beast Statue","Meat on the Bone","CloakClasp","Eternal Feather","War Paint","Runic Pyramid","ClockworkSouvenir","Pen Nib","Damaru","Happy Flower","Toy Ornithopter","OrangePellets","WingedGreaves","Letter Opener","Busted Crown","Boot","Bag of Preparation","Art of War","Pantograph","Membership Card","Ornamental Fan","Mummified Hand","Whetstone"],"potions_floor_usage":[56],"damage_taken":[{"damage":0.0,"enemies":"Small Slimes","floor":1.0,"turns":3.0},{"damage":3.0,"enemies":"2 Louse","floor":2.0,"turns":2.0},{"damage":6.0,"enemies":"Cultist","floor":3.0,"turns":4.0},{"damage":7.0,"enemies":"Lagavulin","floor":6.0,"turns":6.0},{"damage":10.0,"enemies":"Gremlin Nob","floor":8.0,"turns":3.0},{"damage":0.0,"enemies":"Lagavulin","floor":10.0,"turns":4.0},{"damage":0.0,"enemies":"Looter","floor":11.0,"turns":2.0},{"damage":6.0,"enemies":"3 Sentries","floor":12.0,"turns":4.0},{"damage":0.0,"enemies":"3 Sentries","floor":14.0,"turns":4.0},{"damage":10.0,"enemies":"Hexaghost","floor":16.0,"turns":6.0},{"damage":8.0,"enemies":"3 Byrds","floor":18.0,"turns":3.0},{"damage":5.0,"enemies":"Shell Parasite","floor":19.0,"turns":3.0},{"damage":0.0,"enemies":"Snake Plant","floor":20.0,"turns":1.0},{"damage":8.0,"enemies":"Centurion and Healer","floor":22.0,"turns":4.0},{"damage":5.0,"enemies":"Book of Stabbing","floor":23.0,"turns":3.0},{"damage":9.0,"enemies":"Gremlin Leader","floor":25.0,"turns":5.0},{"damage":19.0,"enemies":"Slavers","floor":27.0,"turns":6.0},{"damage":0.0,"enemies":"Sentry and Sphere","floor":29.0,"turns":3.0},{"damage":18.0,"enemies":"Colosseum Slavers","floor":30.0,"turns":5.0},{"damage":12.0,"enemies":"Colosseum Nobs","floor":30.0,"turns":4.0},{"damage":0.0,"enemies":"Cultist and Chosen","floor":31.0,"turns":4.0},{"damage":0.0,"enemies":"Collector","floor":33.0,"turns":6.0},{"damage":0.0,"enemies":"3 Shapes","floor":35.0,"turns":6.0},{"damage":0.0,"enemies":"Orb Walker","floor":36.0,"turns":2.0},{"damage":0.0,"enemies":"Maw","floor":38.0,"turns":6.0},{"damage":0.0,"enemies":"Jaw Worm Horde","floor":39.0,"turns":2.0},{"damage":0.0,"enemies":"Giant Head","floor":40.0,"turns":5.0},{"damage":0.0,"enemies":"Reptomancer","floor":41.0,"turns":4.0},{"damage":0.0,"enemies":"Nemesis","floor":44.0,"turns":3.0},{"damage":11.0,"enemies":"Reptomancer","floor":46.0,"turns":5.0},{"damage":5.0,"enemies":"Time Eater","floor":50.0,"turns":8.0},{"damage":6.0,"enemies":"Awakened One","floor":51.0,"turns":11.0},{"damage":21.0,"enemies":"Shield and Spear","floor":55.0,"turns":4.0},{"damage":70,"enemies":"The Heart","floor":56,"turns":10}],"seed_played":"-2853878213089001757","potions_obtained":[{"floor":3.0,"key":"LiquidMemories"},{"floor":10.0,"key":"Explosive Potion"},{"floor":11.0,"key":"Strength Potion"},{"floor":12.0,"key":"DistilledChaos"},{"floor":16.0,"key":"Regen Potion"},{"floor":18.0,"key":"FairyPotion"},{"floor":19.0,"key":"DuplicationPotion"},{"floor":22.0,"key":"StancePotion"},{"floor":23.0,"key":"Energy Potion"},{"floor":25.0,"key":"AttackPotion"},{"floor":27.0,"key":"AttackPotion"},{"floor":29.0,"key":"Energy Potion"},{"floor":30.0,"key":"Ancient Potion"},{"floor":31.0,"key":"Fire Potion"},{"floor":33.0,"key":"BottledMiracle"},{"floor":35.0,"key":"SkillPotion"},{"floor":36.0,"key":"StancePotion"},{"floor":38.0,"key":"DuplicationPotion"},{"floor":39.0,"key":"PowerPotion"},{"floor":40.0,"key":"Ambrosia"},{"floor":41.0,"key":"LiquidMemories"},{"floor":44.0,"key":"FearPotion"},{"floor":46.0,"key":"Block Potion"},{"floor":55.0,"key":"BottledMiracle"}],"is_trial":false,"path_per_floor":["M","M","M","?","?","E","R","E","T","E","M","E","R","?","R","B",null,"M","M","M","$","M","E","?","E","T","E","$","M","?","M","R","B",null,"M","M","?","M","M","E","E","$","T","E","R","E","$","$","R","B","B",null,"R","$","E","B",null],"character_chosen":"WATCHER","items_purchased":["Wallop","ClockworkSouvenir","OrangePellets","FearNoEvil","Membership Card","Ornamental Fan","Mummified Hand","PowerPotion"],"campfire_rested":0,"item_purchase_floors":[21,21,28,28,47,47,47,54],"current_hp_per_floor":[61,58,52,68,63,56,56,46,46,46,46,40,49,49,58,48,63,55,59,59,59,51,46,46,37,37,30,30,35,34,46,61,61,66,66,68,68,68,68,68,68,68,68,68,68,57,57,57,68,63,66,68,68,68,52,13],"gold":74,"neow_bonus":"BOSS_RELIC","is_prod":false,"is_daily":false,"chose_seed":false,"campfire_upgraded":5,"win_rate":0,"timestamp":1664683851,"path_taken":["M","M","M","?","?","E","R","E","T","E","M","E","R","?","R","BOSS","M","M","M","$","M","E","?","E","T","E","?","M","?","M","R","BOSS","M","M","?","?","M","E","E","?","T","E","R","E","?","$","R","BOSS","BOSS","R","$","E","BOSS"],"build_version":"2022-03-07","purchased_purges":4,"victory":true,"max_hp_per_floor":[68,68,68,68,68,68,68,68,68,68,68,68,68,68,68,68,68,68,68,68,68,68,68,68,68,68,68,68,68,68,68,68,68,68,68,68,68,68,68,68,68,68,68,68,68,68,68,68,68,68,68,68,68,68,68,68],"relic_stats":{"Regal Pillow":0,"Happy Flower":[31],"counters":[34,151],"Dead Branch":[111],"Eternal Feather":44,"Pen Nib":[28],"CloakClasp":[495],"Bag of Preparation":[12],"Letter Opener":[177],"Whetstone":[],"War Paint":["Defend_P","Defend_P"],"Boot":[8],"White Beast Statue":[0.0,0.0,0.0,0.4,0.0,0.6000000000000001,0.0,0.0,0.0,0.0,0.0,12.207343034368007],"OrangePellets":[7],"Busted Crown":18,"Ornamental Fan":[84],"Mummified Hand":[19],"Pantograph":21,"WingedGreaves":3,"Art of War":[1],"Membership Card":428,"obtain_stats":[{"Regal Pillow":5,"CloakClasp":10,"Bag of Preparation":41,"Whetstone":55,"Boot":40,"ClockworkSouvenir":21,"Mummified Hand":47,"Pantograph":46,"WingedGreaves":30,"Runic Pyramid":17,"Happy Flower":26,"Dead Branch":6,"Damaru":25,"Eternal Feather":12,"Pen Nib":23,"Letter Opener":30,"War Paint":14,"White Beast Statue":8,"OrangePellets":28,"Busted Crown":34,"Ornamental Fan":47,"Coffee Dripper":0,"Art of War":44,"Membership Card":47,"PureWater":0,"Toy Ornithopter":27,"Meat on the Bone":9},{"Regal Pillow":3,"CloakClasp":6,"Bag of Preparation":28,"Whetstone":33,"Boot":27,"ClockworkSouvenir":13,"Mummified Hand":30,"Pantograph":30,"WingedGreaves":20,"Runic Pyramid":10,"Happy Flower":16,"Dead Branch":4,"Damaru":16,"Eternal Feather":8,"Pen Nib":15,"Letter Opener":20,"War Paint":9,"White Beast Statue":5,"OrangePellets":17,"Busted Crown":22,"Ornamental Fan":30,"Coffee Dripper":0,"Art of War":29,"Membership Card":30,"PureWater":0,"Toy Ornithopter":17,"Meat on the Bone":5},{"Regal Pillow":9,"CloakClasp":22,"Bag of Preparation":110,"Whetstone":141,"Boot":106,"ClockworkSouvenir":45,"Mummified Hand":118,"Pantograph":118,"WingedGreaves":75,"Runic Pyramid":38,"Happy Flower":57,"Dead Branch":15,"Damaru":57,"Eternal Feather":28,"Pen Nib":52,"Letter Opener":75,"War Paint":32,"White Beast Statue":18,"OrangePellets":63,"Busted Crown":85,"Ornamental Fan":118,"Coffee Dripper":0,"Art of War":113,"Membership Card":118,"PureWater":0,"Toy Ornithopter":63,"Meat on the Bone":18}],"Toy Ornithopter":24,"Meat on the Bone":60},"card_choices":[{"not_picked":["FollowUp","Prostrate"],"picked":"CarveReality","floor":1.0},{"not_picked":["FlyingSleeves","WindmillStrike"],"picked":"Halt","floor":2.0},{"not_picked":["SashWhip","FollowUp"],"picked":"Wireheading","floor":3.0},{"not_picked":["SashWhip","JustLucky"],"picked":"Meditate","floor":6.0},{"not_picked":["WaveOfTheHand","JustLucky","FlyingSleeves"],"picked":"SKIP","floor":8.0},{"not_picked":["ClearTheMind","WaveOfTheHand"],"picked":"Conclude","floor":10.0},{"not_picked":["FlurryOfBlows","WheelKick"],"picked":"LessonLearned","floor":11.0},{"not_picked":["Pray","PathToVictory","Sanctity"],"picked":"SKIP","floor":12.0},{"not_picked":["Prostrate","Worship"],"picked":"Weave","floor":14.0},{"not_picked":["Judgement","LessonLearned"],"picked":"Blasphemy","floor":16.0},{"not_picked":["FollowUp","LikeWater"],"picked":"ThirdEye","floor":18.0},{"not_picked":["BattleHymn","Evaluate"],"picked":"Vengeance","floor":19.0},{"not_picked":["SashWhip","Collect"],"picked":"EmptyFist","floor":20.0},{"not_picked":["EmptyFist","SashWhip"],"picked":"Adaptation","floor":22.0},{"not_picked":["DeceiveReality","FlurryOfBlows","EmptyBody"],"picked":"SKIP","floor":23.0},{"not_picked":["WreathOfFlame+1","ForeignInfluence+1"],"picked":"ReachHeaven","floor":25.0},{"not_picked":["FollowUp","EmptyBody","Halt"],"picked":"SKIP","floor":27.0},{"not_picked":["Protect","BowlingBash"],"picked":"WheelKick","floor":29.0},{"not_picked":["FlyingSleeves","Consecrate"],"picked":"Wallop","floor":31.0},{"not_picked":["Scrawl","Establishment"],"picked":"Omniscience","floor":33.0},{"not_picked":["Evaluate"],"picked":"SKIP","floor":35.0},{"not_picked":["EmptyBody+1"],"picked":"SKIP","floor":36.0},{"not_picked":["FollowUp"],"picked":"SKIP","floor":38.0},{"not_picked":["Conclude+1"],"picked":"SKIP","floor":39.0},{"not_picked":["JustLucky"],"picked":"SKIP","floor":40.0},{"not_picked":[],"picked":"Crescendo","floor":41.0},{"not_picked":[],"picked":"Protect+1","floor":44.0},{"not_picked":["Consecrate"],"picked":"SKIP","floor":46.0},{"not_picked":["Nirvana"],"picked":"SKIP","floor":55.0}],"player_experience":1252700,"relics_obtained":[{"floor":6.0,"key":"Dead Branch"},{"floor":8.0,"key":"White Beast Statue"},{"floor":9.0,"key":"Meat on the Bone"},{"floor":10.0,"key":"CloakClasp"},{"floor":12.0,"key":"Eternal Feather"},{"floor":14.0,"key":"War Paint"},{"floor":23.0,"key":"Pen Nib"},{"floor":25.0,"key":"Damaru"},{"floor":26.0,"key":"Happy Flower"},{"floor":27.0,"key":"Toy Ornithopter"},{"floor":30.0,"key":"WingedGreaves"},{"floor":30.0,"key":"Letter Opener"},{"floor":40.0,"key":"Boot"},{"floor":41.0,"key":"Bag of Preparation"},{"floor":44.0,"key":"Art of War"},{"floor":46.0,"key":"Pantograph"},{"floor":55.0,"key":"Whetstone"}],"event_choices":[{"damage_healed":22.0,"max_hp_gain":0.0,"max_hp_loss":0.0,"gold_gain":0.0,"event_name":"Big Fish","player_choice":"Banana","floor":4.0,"gold_loss":0.0,"damage_taken":0.0},{"damage_healed":0.0,"max_hp_gain":0.0,"max_hp_loss":0.0,"gold_gain":0.0,"event_name":"Scrap Ooze","player_choice":"Success","floor":5.0,"gold_loss":0.0,"damage_taken":5.0,"relics_obtained":["Regal Pillow"]},{"damage_healed":0.0,"max_hp_gain":0.0,"max_hp_loss":0.0,"gold_gain":0.0,"event_name":"Dead Adventurer","player_choice":"Searched \u00272\u0027 times","floor":14.0,"gold_loss":0.0,"damage_taken":0.0},{"damage_healed":0.0,"max_hp_gain":0.0,"max_hp_loss":0.0,"gold_gain":0.0,"event_name":"Lab","player_choice":"Got Potions","floor":24.0,"gold_loss":0.0,"damage_taken":0.0},{"damage_healed":0.0,"max_hp_gain":0.0,"max_hp_loss":0.0,"gold_gain":0.0,"event_name":"Colosseum","player_choice":"Fight","floor":30.0,"gold_loss":0.0,"damage_taken":0.0},{"damage_healed":0.0,"max_hp_gain":0.0,"max_hp_loss":0.0,"gold_gain":0.0,"event_name":"Colosseum","player_choice":"Fought Nobs","floor":30.0,"gold_loss":0.0,"damage_taken":0.0},{"damage_healed":0.0,"max_hp_gain":0.0,"max_hp_loss":0.0,"gold_gain":0.0,"cards_transformed":["Strike_P","Defend_P"],"event_name":"Designer","player_choice":"Transformed Cards","floor":37.0,"gold_loss":75.0,"damage_taken":0.0,"cards_obtained":["Wish","PathToVictory"]}],"is_beta":false,"boss_relics":[{"not_picked":["Philosopher\u0027s Stone","Fusion Hammer"],"picked":"Runic Pyramid"},{"not_picked":["SacredBark","Sozu"],"picked":"Busted Crown"}],"items_purged_floors":[21,42,47,54],"is_endless":false,"potions_floor_spawned":[3,10,11,12,14,16,18,19,20,22,23,25,27,29,30,30,31,33,35,36,38,39,40,41,44,46,55],"ascension_level":20}