{"gold_per_floor":[17,33,43,53,65,65,98,98,144,174,184,44,77,87,87,162,162,174,193,205,14,14,44,44,44,44,69,80,80,415,425,425,425],"floor_reached":33,"playtime":3402,"items_purged":[],"score":758,"play_id":"556b1c02-fe1a-4e53-8985-60899da18aaa","local_time":"20220930235300","is_ascension_mode":true,"campfire_choices":[{"data":"Eruption","floor":6.0,"key":"SMITH"},{"data":"SashWhip","floor":8.0,"key":"SMITH"},{"data":"Meditate","floor":15.0,"key":"SMITH"},{"data":"Wallop","floor":25.0,"key":"SMITH"},{"floor":29,"key":"REST"},{"floor":32,"key":"REST"}],"neow_cost":"NO_GOLD","seed_source_timestamp":0,"circlet_count":0,"master_deck":["AscendersBane","Strike_P","Strike_P","Strike_P","Strike_P","Defend_P","Defend_P","Defend_P","Defend_P+1","Eruption+1","Vigilance","Violence","SashWhip+1","Halt","Consecrate","Scrawl","DeusExMachina","Vault+1","EmptyBody","EmptyFist","Pray","Meditate+1","Vault","WheelKick","Wallop+1","SandsOfTime","LessonLearned+1","Crescendo+1","Tantrum","Adaptation+1","TalkToTheHand","Prostrate"],"special_seed":0,"relics":["PureWater","Smiling Mask","Damaru","Kunai","Blood Vial","SacredBark","Mercury Hourglass","Akabeko","Bag of Marbles","Old Coin"],"potions_floor_usage":[30,30,33],"damage_taken":[{"damage":0.0,"enemies":"Cultist","floor":1.0,"turns":3.0},{"damage":0.0,"enemies":"2 Louse","floor":2.0,"turns":2.0},{"damage":2.0,"enemies":"Small Slimes","floor":3.0,"turns":4.0},{"damage":11.0,"enemies":"Exordium Wildlife","floor":4.0,"turns":3.0},{"damage":3.0,"enemies":"Looter","floor":5.0,"turns":4.0},{"damage":10.0,"enemies":"Lagavulin","floor":7.0,"turns":6.0},{"damage":4.0,"enemies":"Gremlin Nob","floor":10.0,"turns":3.0},{"damage":0.0,"enemies":"Exordium Thugs","floor":11.0,"turns":2.0},{"damage":0.0,"enemies":"Lagavulin","floor":13.0,"turns":6.0},{"damage":0.0,"enemies":"Blue Slaver","floor":14.0,"turns":3.0},{"damage":4.0,"enemies":"The Guardian","floor":16.0,"turns":10.0},{"damage":13.0,"enemies":"Shell Parasite","floor":18.0,"turns":8.0},{"damage":21.0,"enemies":"3 Byrds","floor":19.0,"turns":8.0},{"damage":5.0,"enemies":"Centurion and Healer","floor":20.0,"turns":6.0},{"damage":0.0,"enemies":"Book of Stabbing","floor":23.0,"turns":4.0},{"damage":8.0,"enemies":"Gremlin Leader","floor":27.0,"turns":7.0},{"damage":9,"enemies":"3 Cultists","floor":28,"turns":4},{"damage":20,"enemies":"Slavers","floor":30,"turns":5},{"damage":0,"enemies":"Cultist and Chosen","floor":31,"turns":4},{"damage":61,"enemies":"Automaton","floor":33,"turns":6}],"seed_played":"-4409453303367960836","potions_obtained":[{"floor":4.0,"key":"DuplicationPotion"},{"floor":7.0,"key":"Ambrosia"},{"floor":13.0,"key":"BlessingOfTheForge"},{"floor":14.0,"key":"StancePotion"},{"floor":20.0,"key":"Energy Potion"},{"floor":28,"key":"Fire Potion"},{"floor":31,"key":"SkillPotion"}],"is_trial":false,"path_per_floor":["M","M","M","M","M","R","E","R","T","E","M","$","E","M","R","B",null,"M","M","M","$","?","E","$","R","T","E","M","R","E","M","R","B"],"character_chosen":"WATCHER","items_purchased":["EmptyFist","Pray","LessonLearned","Crescendo"],"campfire_rested":2,"item_purchase_floors":[12,12,21,21],"current_hp_per_floor":[61,61,59,48,45,45,35,35,35,31,31,31,31,33,33,31,59,48,29,26,26,26,28,28,28,28,22,15,35,17,19,39,0],"gold":425,"neow_bonus":"RANDOM_COLORLESS_2","is_prod":false,"is_daily":false,"chose_seed":false,"campfire_upgraded":4,"win_rate":0,"timestamp":1664607180,"path_taken":["M","M","M","M","M","R","E","R","T","E","M","$","E","M","R","BOSS","BOSS","M","M","M","$","?","E","$","R","T","E","M","R","E","?","R","BOSS"],"build_version":"2022-03-07","purchased_purges":0,"victory":false,"max_hp_per_floor":[68,68,68,68,68,68,68,68,68,68,68,68,68,68,68,68,68,68,68,68,68,68,68,68,68,68,68,68,68,68,68,68,68],"relic_stats":{"Blood Vial":22,"counters":[20,98],"Kunai":[26],"PureWater":[20],"Smiling Mask":0,"obtain_stats":[{"Blood Vial":13,"SacredBark":17,"Damaru":9,"Bag of Marbles":27,"Kunai":10,"PureWater":0,"Smiling Mask":7,"Akabeko":26,"Mercury Hourglass":23,"Old Coin":30},{"Blood Vial":9,"SacredBark":11,"Damaru":6,"Bag of Marbles":16,"Kunai":7,"PureWater":0,"Smiling Mask":6,"Akabeko":15,"Mercury Hourglass":15,"Old Coin":18},{"Blood Vial":33,"SacredBark":46,"Damaru":22,"Bag of Marbles":79,"Kunai":25,"PureWater":0,"Smiling Mask":22,"Akabeko":72,"Mercury Hourglass":72,"Old Coin":88}],"Mercury Hourglass":[150]},"card_choices":[{"not_picked":["Transmutation","Sadistic Nature"],"picked":"Violence","floor":0.0},{"not_picked":["Sanctity","Collect","Nirvana"],"picked":"SKIP","floor":1.0},{"not_picked":["Protect","ThirdEye"],"picked":"SashWhip","floor":2.0},{"not_picked":["LikeWater","Evaluate"],"picked":"Halt","floor":3.0},{"not_picked":["SashWhip","FollowUp"],"picked":"Consecrate","floor":4.0},{"not_picked":["ThirdEye","Collect"],"picked":"Scrawl","floor":5.0},{"not_picked":["SandsOfTime","Study"],"picked":"DeusExMachina","floor":7.0},{"not_picked":["CutThroughFate","FlyingSleeves"],"picked":"Vault","floor":10.0},{"not_picked":["BowlingBash","SashWhip"],"picked":"EmptyBody","floor":11.0},{"not_picked":["Fasting2","ForeignInfluence"],"picked":"Meditate","floor":13.0},{"not_picked":["Perseverance","Swivel","Evaluate"],"picked":"SKIP","floor":14.0},{"not_picked":["DevaForm","Ragnarok"],"picked":"Vault","floor":16.0},{"not_picked":["Prostrate","ClearTheMind"],"picked":"WheelKick","floor":18.0},{"not_picked":["Evaluate","WreathOfFlame"],"picked":"Wallop","floor":19.0},{"not_picked":["Prostrate","SignatureMove"],"picked":"SandsOfTime","floor":20.0},{"not_picked":["FollowUp","Collect"],"picked":"Tantrum","floor":23.0},{"not_picked":["DeceiveReality+1","Protect"],"picked":"Adaptation","floor":27.0},{"not_picked":["PathToVictory","Protect","Study"],"picked":"SKIP","floor":28},{"not_picked":["Sanctity+1","EmptyBody"],"picked":"TalkToTheHand","floor":30},{"not_picked":["Vengeance","Consecrate"],"picked":"Prostrate","floor":31}],"player_experience":1247602,"relics_obtained":[{"floor":7.0,"key":"Smiling Mask"},{"floor":9.0,"key":"Damaru"},{"floor":10.0,"key":"Kunai"},{"floor":13.0,"key":"Blood Vial"},{"floor":23.0,"key":"Mercury Hourglass"},{"floor":26.0,"key":"Akabeko"},{"floor":27.0,"key":"Bag of Marbles"},{"floor":30,"key":"Old Coin"}],"event_choices":[{"damage_healed":0.0,"max_hp_gain":0.0,"max_hp_loss":0.0,"gold_gain":0.0,"event_name":"Upgrade Shrine","player_choice":"Upgraded","floor":22.0,"gold_loss":0.0,"damage_taken":0.0,"cards_upgraded":["LessonLearned"]}],"is_beta":false,"boss_relics":[{"not_picked":["Tiny House","Runic Dome"],"picked":"SacredBark"}],"items_purged_floors":[],"is_endless":false,"potions_floor_spawned":[4,7,13,14,20,28,31],"killed_by":"Automaton","ascension_level":20}