{"gold_per_floor":[99,99,99,64,64,64,64,64,64,64,64,64,44,44,44,44],"floor_reached":16,"playtime":668,"items_purged":[],"score":244,"play_id":"b0bdce47-4a29-4fe3-9fdd-b39b2403a40a","local_time":"20220929032359","is_ascension_mode":true,"campfire_choices":[{"data":"1","floor":15,"key":"LIFT"}],"neow_cost":"NONE","seed_source_timestamp":386137344153722,"circlet_count":0,"master_deck":["AscendersBane","Strike_P","Strike_P","Strike_P","Strike_P","Defend_P","Defend_P","Defend_P","Eruption","Vigilance","ReachHeaven","EmptyFist","Omniscience","EmptyMind","FlurryOfBlows","Adaptation","WheelKick","FearNoEvil","InnerPeace"],"special_seed":0,"relics":["Ectoplasm","StoneCalendar","Girya","Regal Pillow","Lantern"],"potions_floor_usage":[14],"damage_taken":[{"damage":4.0,"enemies":"Jaw Worm","floor":1.0,"turns":4.0},{"damage":0.0,"enemies":"2 Louse","floor":2.0,"turns":2.0},{"damage":27.0,"enemies":"Lagavulin","floor":6.0,"turns":5.0},{"damage":0.0,"enemies":"Small Slimes","floor":7.0,"turns":2.0},{"damage":11.0,"enemies":"Gremlin Nob","floor":8.0,"turns":3.0},{"damage":6,"enemies":"Gremlin Nob","floor":10,"turns":3},{"damage":2,"enemies":"Gremlin Gang","floor":11,"turns":4},{"damage":1,"enemies":"2 Fungi Beasts","floor":12,"turns":3},{"damage":0,"enemies":"Looter","floor":13,"turns":2},{"damage":5,"enemies":"Lagavulin","floor":14,"turns":5},{"damage":20,"enemies":"Hexaghost","floor":16,"turns":4}],"seed_played":"3951840779783174682","potions_obtained":[{"floor":1.0,"key":"Swift Potion"},{"floor":2.0,"key":"SkillPotion"},{"floor":11,"key":"LiquidBronze"},{"floor":12,"key":"FairyPotion"},{"floor":14,"key":"PowerPotion"}],"is_trial":false,"path_per_floor":["M","M","?","?","$","E","M","?","T","E","M","M","M","E","R","B"],"character_chosen":"WATCHER","items_purchased":[],"campfire_rested":0,"item_purchase_floors":[],"current_hp_per_floor":[57,57,50,50,50,23,23,12,12,6,4,3,3,20,20,0],"gold":44,"neow_bonus":"BOSS_RELIC","is_prod":false,"is_daily":false,"chose_seed":false,"campfire_upgraded":0,"win_rate":0,"timestamp":1664447039,"path_taken":["M","M","?","?","$","E","M","?","T","E","M","M","M","E","R","BOSS"],"build_version":"2022-03-07","purchased_purges":0,"victory":false,"max_hp_per_floor":[68,68,68,68,68,68,68,68,68,68,68,68,68,68,68,68],"relic_stats":{"Girya":1,"Regal Pillow":0,"counters":[11,37],"StoneCalendar":[0],"Ectoplasm":256,"obtain_stats":[{"Girya":8,"Regal Pillow":10,"Lantern":14,"StoneCalendar":6,"Ectoplasm":0,"PureWater":0},{"Girya":5,"Regal Pillow":6,"Lantern":10,"StoneCalendar":3,"Ectoplasm":0,"PureWater":0},{"Girya":16,"Regal Pillow":19,"Lantern":33,"StoneCalendar":11,"Ectoplasm":0,"PureWater":0}]},"card_choices":[{"not_picked":["WreathOfFlame","WindmillStrike"],"picked":"ReachHeaven","floor":1.0},{"not_picked":["ThirdEye","Protect"],"picked":"EmptyFist","floor":2.0},{"not_picked":["FearNoEvil","SashWhip"],"picked":"Omniscience","floor":6.0},{"not_picked":["Worship","BattleHymn"],"picked":"EmptyMind","floor":7.0},{"not_picked":["BowlingBash","Prostrate"],"picked":"FlurryOfBlows","floor":8.0},{"not_picked":["Evaluate","Indignation"],"picked":"Adaptation","floor":10},{"not_picked":["Perseverance","FlurryOfBlows"],"picked":"WheelKick","floor":11},{"not_picked":["LikeWater","FlyingSleeves"],"picked":"FearNoEvil","floor":12},{"not_picked":["SashWhip","Crescendo"],"picked":"InnerPeace","floor":13},{"not_picked":["FlurryOfBlows","DeceiveReality","Consecrate"],"picked":"SKIP","floor":14}],"player_experience":1238712,"relics_obtained":[{"floor":6.0,"key":"StoneCalendar"},{"floor":8.0,"key":"Girya"},{"floor":10,"key":"Regal Pillow"},{"floor":14,"key":"Lantern"}],"event_choices":[{"cards_removed":["Defend_P"],"damage_healed":0.0,"max_hp_gain":0.0,"max_hp_loss":0.0,"gold_gain":0.0,"event_name":"Golden Wing","player_choice":"Card Removal","floor":3.0,"gold_loss":0.0,"damage_taken":7.0},{"damage_healed":0.0,"max_hp_gain":0.0,"max_hp_loss":0.0,"gold_gain":0.0,"event_name":"World of Goop","player_choice":"Left Gold","floor":4.0,"gold_loss":35.0,"damage_taken":0.0},{"damage_healed":0.0,"max_hp_gain":0.0,"max_hp_loss":0.0,"gold_gain":0.0,"event_name":"Dead Adventurer","player_choice":"Searched \u00271\u0027 times","floor":8.0,"gold_loss":0.0,"damage_taken":0.0}],"is_beta":false,"boss_relics":[],"items_purged_floors":[],"is_endless":false,"potions_floor_spawned":[1,2,11,12,14],"killed_by":"Hexaghost","ascension_level":20}