{"gold_per_floor":[119,131,147,0,18,51,51,83,95,107,119,131],"floor_reached":12,"playtime":485,"items_purged":[],"score":226,"play_id":"bdec8193-b2b0-4b89-9eeb-8c74a2a1966f","local_time":"20221001060145","is_ascension_mode":true,"campfire_choices":[],"neow_cost":"NONE","seed_source_timestamp":534863881680188,"circlet_count":0,"master_deck":["AscendersBane","Strike_P","Strike_P","Strike_P","Strike_P","Defend_P","Defend_P","Defend_P","Defend_P","Eruption+1","Vigilance","CrushJoints","Consecrate","Protect","FlurryOfBlows","MentalFortress","ClearTheMind","Wish","CutThroughFate"],"special_seed":0,"relics":["VioletLotus","Peace Pipe","MawBank","Potion Belt","Golden Idol"],"potions_floor_usage":[],"damage_taken":[{"damage":4.0,"enemies":"Jaw Worm","floor":1.0,"turns":6.0},{"damage":0.0,"enemies":"Small Slimes","floor":2.0,"turns":4.0},{"damage":0.0,"enemies":"Cultist","floor":3.0,"turns":2.0},{"damage":0.0,"enemies":"Exordium Thugs","floor":5.0,"turns":3.0},{"damage":0.0,"enemies":"Gremlin Nob","floor":6.0,"turns":2.0},{"damage":50.0,"enemies":"3 Sentries","floor":8.0,"turns":10.0},{"damage":0,"enemies":"Lots of Slimes","floor":12,"turns":1}],"seed_played":"-5329627504267608631","potions_obtained":[{"floor":1.0,"key":"Ancient Potion"},{"floor":3.0,"key":"Fire Potion"}],"is_trial":false,"path_per_floor":["M","M","M","$","M","E","?","E","T","?","?","M"],"character_chosen":"WATCHER","items_purchased":["FlurryOfBlows","MentalFortress"],"campfire_rested":0,"item_purchase_floors":[4,4],"current_hp_per_floor":[57,57,57,57,57,57,57,7,7,7,7,7],"gold":131,"neow_bonus":"BOSS_RELIC","is_prod":false,"is_daily":false,"chose_seed":false,"campfire_upgraded":0,"win_rate":0,"timestamp":1664629305,"path_taken":["M","M","M","$","M","E","?","E","T","?","?","M"],"build_version":"2022-03-07","purchased_purges":0,"victory":false,"max_hp_per_floor":[68,68,68,68,68,68,68,68,68,68,62,62],"relic_stats":{"Peace Pipe":0,"counters":[7,28],"Golden Idol":0,"VioletLotus":[4],"MawBank":48,"obtain_stats":[{"Peace Pipe":6,"Potion Belt":9,"Golden Idol":11,"VioletLotus":0,"PureWater":0,"MawBank":8},{"Peace Pipe":5,"Potion Belt":6,"Golden Idol":6,"VioletLotus":0,"PureWater":0,"MawBank":6},{"Peace Pipe":17,"Potion Belt":27,"Golden Idol":27,"VioletLotus":0,"PureWater":0,"MawBank":27}]},"card_choices":[{"not_picked":["Sanctity","Indignation"],"picked":"CrushJoints","floor":1.0},{"not_picked":["FollowUp","Perseverance"],"picked":"Consecrate","floor":2.0},{"not_picked":["FollowUp","SashWhip"],"picked":"Protect","floor":3.0},{"not_picked":["Prostrate","Pray"],"picked":"ClearTheMind","floor":5.0},{"not_picked":["ThirdEye","Consecrate"],"picked":"Wish","floor":6.0},{"not_picked":["EmptyBody","CrushJoints"],"picked":"CutThroughFate","floor":8.0}],"player_experience":1252215,"relics_obtained":[{"floor":6.0,"key":"Peace Pipe"},{"floor":8.0,"key":"MawBank"},{"floor":9.0,"key":"Potion Belt"}],"event_choices":[{"damage_healed":0.0,"max_hp_gain":0.0,"max_hp_loss":0.0,"gold_gain":0.0,"event_name":"Liars Game","player_choice":"Ignored","floor":7.0,"gold_loss":0.0,"damage_taken":0.0},{"damage_healed":0,"gold_gain":0,"player_choice":"Grow","damage_taken":0,"max_hp_gain":0,"max_hp_loss":0,"event_name":"Living Wall","floor":10,"gold_loss":0,"cards_upgraded":["Eruption"]},{"damage_healed":0,"gold_gain":0,"player_choice":"Lose Max HP","damage_taken":0,"relics_obtained":["Golden Idol"],"max_hp_gain":0,"max_hp_loss":6,"event_name":"Golden Idol","floor":11,"gold_loss":0}],"is_beta":false,"boss_relics":[],"items_purged_floors":[],"is_endless":false,"potions_floor_spawned":[1,3],"killed_by":"Lots of Slimes","ascension_level":20}