{"gold_per_floor":[210,225,239,256,267,292,8,8,32,42,69,69,99,115,115,191,191,204,220,220,135,135,168,185,185,185,210,222,269,281,324,336,426,438,469,289,307,307,222,222,257,82,82,95,95,95,95,120,120,120,120,120,120,14,44,44],"floor_reached":57,"playtime":5560,"items_purged":["Defend_P","Decay","Defend_P"],"score":2837,"play_id":"cac77a9e-0df2-483c-8d37-e001e91d214b","local_time":"20221002081455","is_ascension_mode":true,"campfire_choices":[{"data":"Eruption","floor":12.0,"key":"SMITH"},{"data":"Meditate","floor":15.0,"key":"SMITH"},{"data":"Wallop","floor":25.0,"key":"SMITH"},{"data":"SashWhip","floor":28.0,"key":"SMITH"},{"data":"Bite","floor":32.0,"key":"SMITH"},{"floor":40.0,"key":"REST"},{"data":"CutThroughFate","floor":45.0,"key":"SMITH"},{"data":"Omniscience","floor":47.0,"key":"SMITH"},{"floor":49.0,"key":"RECALL"},{"data":"TalkToTheHand","floor":53.0,"key":"SMITH"}],"neow_cost":"NONE","seed_source_timestamp":0,"circlet_count":0,"master_deck":["AscendersBane","Defend_P+1","Eruption+1","Vigilance","Consecrate","Wallop+1","Protect","SashWhip+1","EmptyFist","ReachHeaven+1","Study+1","Conclude+1","Meditate+1","Vault+1","Tantrum+1","Bite+1","Bite+1","Bite","Bite+1","Bite+1","LessonLearned","Adaptation","Vault","CutThroughFate+1","Dark Shackles","Omniscience+1","FlurryOfBlows+1","Crescendo","MentalFortress+1","TalkToTheHand+1"],"special_seed":0,"relics":["PureWater","Dream Catcher","Frozen Eye","Tiny Chest","Regal Pillow","Cursed Key","Bag of Marbles","Pen Nib","MawBank","Nunchaku","Singing Bowl","Art of War","Black Star","Ancient Tea Set","Pear","Anchor","Lantern","Happy Flower","TeardropLocket"],"potions_floor_usage":[55,55],"damage_taken":[{"damage":2.0,"enemies":"Cultist","floor":1.0,"turns":4.0},{"damage":0.0,"enemies":"Small Slimes","floor":2.0,"turns":3.0},{"damage":0.0,"enemies":"2 Louse","floor":3.0,"turns":4.0},{"damage":2.0,"enemies":"Large Slime","floor":4.0,"turns":5.0},{"damage":1.0,"enemies":"Exordium Thugs","floor":5.0,"turns":3.0},{"damage":3.0,"enemies":"Lagavulin","floor":6.0,"turns":5.0},{"damage":11.0,"enemies":"Lots of Slimes","floor":10.0,"turns":5.0},{"damage":0.0,"enemies":"Gremlin Nob","floor":11.0,"turns":3.0},{"damage":0.0,"enemies":"Lagavulin","floor":13.0,"turns":4.0},{"damage":4.0,"enemies":"Large Slime","floor":14.0,"turns":5.0},{"damage":22.0,"enemies":"The Guardian","floor":16.0,"turns":11.0},{"damage":3.0,"enemies":"3 Byrds","floor":18.0,"turns":4.0},{"damage":15.0,"enemies":"2 Thieves","floor":19.0,"turns":5.0},{"damage":12.0,"enemies":"Book of Stabbing","floor":23.0,"turns":3.0},{"damage":0.0,"enemies":"3 Cultists","floor":24.0,"turns":3.0},{"damage":7.0,"enemies":"Slavers","floor":27.0,"turns":4.0},{"damage":10.0,"enemies":"Book of Stabbing","floor":29.0,"turns":4.0},{"damage":12.0,"enemies":"Gremlin Leader","floor":31.0,"turns":6.0},{"damage":12.0,"enemies":"Collector","floor":33.0,"turns":7.0},{"damage":35.0,"enemies":"3 Darklings","floor":35.0,"turns":3.0},{"damage":20.0,"enemies":"3 Shapes","floor":37.0,"turns":7.0},{"damage":37.0,"enemies":"Giant Head","floor":41.0,"turns":8.0},{"damage":0.0,"enemies":"Sphere and 2 Shapes","floor":44.0,"turns":4.0},{"damage":11.0,"enemies":"Reptomancer","floor":48.0,"turns":7.0},{"damage":34.0,"enemies":"Awakened One","floor":50.0,"turns":9.0},{"damage":49.0,"enemies":"Time Eater","floor":51.0,"turns":13.0},{"damage":17,"enemies":"Shield and Spear","floor":55,"turns":6},{"damage":44,"enemies":"The Heart","floor":56,"turns":11}],"seed_played":"3839361076633204868","potions_obtained":[{"floor":2.0,"key":"SneckoOil"},{"floor":3.0,"key":"Explosive Potion"},{"floor":4.0,"key":"Strength Potion"},{"floor":5.0,"key":"SkillPotion"},{"floor":11.0,"key":"SneckoOil"},{"floor":16.0,"key":"EssenceOfSteel"},{"floor":18.0,"key":"FearPotion"},{"floor":23.0,"key":"Explosive Potion"},{"floor":41.0,"key":"Regen Potion"},{"floor":44.0,"key":"SneckoOil"}],"is_trial":false,"path_per_floor":["M","M","M","M","M","E","$","?","T","M","E","R","E","M","R","B",null,"M","M","?","?","?","E","M","R","T","E","R","E","T","E","R","B",null,"M","$","M","?","$","R","E","$","T","M","R","T","R","E","R","B","B",null,"R","$","E","B",null],"character_chosen":"WATCHER","items_purchased":["Frozen Eye","Study","Dark Shackles","Regen Potion","Crescendo","Block Potion","BlessingOfTheForge"],"campfire_rested":1,"item_purchase_floors":[7,7,36,39,42,54,54],"current_hp_per_floor":[59,59,59,57,56,53,53,53,53,42,42,42,42,38,38,16,55,52,37,37,37,37,35,41,41,41,44,44,40,40,40,40,38,46,20,20,7,9,9,39,34,34,34,41,41,41,41,56,56,46,20,52,52,52,51,16],"gold":44,"neow_bonus":"HUNDRED_GOLD","is_prod":false,"is_daily":false,"chose_seed":false,"campfire_upgraded":8,"win_rate":0,"timestamp":1664723695,"path_taken":["M","M","M","M","?","E","$","?","T","M","E","R","E","M","R","BOSS","M","M","?","?","?","E","M","R","T","E","R","E","?","E","R","BOSS","M","?","M","?","?","R","E","$","T","M","R","?","R","E","R","BOSS","BOSS","R","$","E","BOSS"],"build_version":"2022-03-07","purchased_purges":3,"victory":true,"max_hp_per_floor":[68,68,68,68,68,68,68,68,68,68,68,68,68,68,68,68,68,68,68,47,47,47,47,47,47,47,47,47,47,47,49,49,49,49,49,49,51,53,53,53,63,63,63,63,63,63,63,63,63,63,63,63,63,63,65,65],"relic_stats":{"Regal Pillow":15,"Singing Bowl":8,"Happy Flower":[3],"counters":[28,156],"Pen Nib":[27],"Cursed Key":1,"MawBank":108,"Ancient Tea Set":[6],"Frozen Eye":212.49939,"Dream Catcher":1,"Nunchaku":[24],"Tiny Chest":2,"Art of War":[4],"Black Star":3,"PureWater":[25],"obtain_stats":[{"Regal Pillow":13,"Lantern":48,"Pear":41,"Singing Bowl":30,"Happy Flower":55,"Pen Nib":23,"TeardropLocket":55,"Cursed Key":17,"MawBank":27,"Ancient Tea Set":41,"Frozen Eye":7,"Dream Catcher":6,"Nunchaku":29,"Anchor":48,"Tiny Chest":11,"Bag of Marbles":21,"Art of War":31,"Black Star":34,"PureWater":0},{"Regal Pillow":9,"Lantern":24,"Pear":22,"Singing Bowl":17,"Happy Flower":27,"Pen Nib":14,"TeardropLocket":27,"Cursed Key":11,"MawBank":16,"Ancient Tea Set":22,"Frozen Eye":6,"Dream Catcher":6,"Nunchaku":17,"Anchor":24,"Tiny Chest":8,"Bag of Marbles":13,"Art of War":18,"Black Star":19,"PureWater":0},{"Regal Pillow":36,"Lantern":117,"Pear":106,"Singing Bowl":75,"Happy Flower":145,"Pen Nib":64,"TeardropLocket":145,"Cursed Key":52,"MawBank":71,"Ancient Tea Set":106,"Frozen Eye":24,"Dream Catcher":24,"Nunchaku":75,"Anchor":117,"Tiny Chest":32,"Bag of Marbles":61,"Art of War":81,"Black Star":88,"PureWater":0}]},"card_choices":[{"not_picked":["SashWhip","ClearTheMind"],"picked":"Consecrate","floor":1.0},{"not_picked":["Vengeance","Pray"],"picked":"Wallop","floor":2.0},{"not_picked":["Prostrate","ClearTheMind"],"picked":"Protect","floor":3.0},{"not_picked":["JustLucky","Worship"],"picked":"SashWhip","floor":4.0},{"not_picked":["FlurryOfBlows","Alpha"],"picked":"EmptyFist","floor":5.0},{"not_picked":["TalkToTheHand","Establishment"],"picked":"ReachHeaven","floor":6.0},{"not_picked":["BowlingBash","JustLucky","EmptyBody"],"picked":"SKIP","floor":10.0},{"not_picked":["Fasting2","Swivel","PathToVictory"],"picked":"SKIP","floor":11.0},{"not_picked":["FlurryOfBlows","CarveReality"],"picked":"Conclude","floor":13.0},{"not_picked":["BattleHymn","WheelKick"],"picked":"Meditate","floor":14.0},{"not_picked":["ConjureBlade","Scrawl"],"picked":"Vault","floor":16.0},{"not_picked":["Prostrate","ThirdEye","ClearTheMind"],"picked":"SKIP","floor":18.0},{"not_picked":["Wireheading","Evaluate"],"picked":"Tantrum+1","floor":19.0},{"not_picked":["ClearTheMind","EmptyBody","Protect"],"picked":"SKIP","floor":23.0},{"not_picked":["LikeWater","JustLucky","Prostrate"],"picked":"SKIP","floor":24.0},{"not_picked":["FlyingSleeves","EmptyBody"],"picked":"LessonLearned","floor":27.0},{"not_picked":["SashWhip+1","Consecrate"],"picked":"Adaptation","floor":29.0},{"not_picked":["FollowUp","FlyingSleeves","Evaluate"],"picked":"Singing Bowl","floor":31.0},{"not_picked":["MasterReality","SpiritShield"],"picked":"Vault","floor":33.0},{"not_picked":["PathToVictory","InnerPeace"],"picked":"CutThroughFate","floor":35.0},{"not_picked":["Evaluate","WindmillStrike","Consecrate"],"picked":"Singing Bowl","floor":37.0},{"not_picked":["PanicButton","Purity","Mind Blast"],"picked":"Singing Bowl","floor":38.0},{"not_picked":["Adaptation+1","PathToVictory+1"],"picked":"Omniscience","floor":40.0},{"not_picked":["Study","WreathOfFlame"],"picked":"FlurryOfBlows+1","floor":41.0},{"not_picked":["WheelKick","Pray+1"],"picked":"MentalFortress+1","floor":44.0},{"not_picked":["WaveOfTheHand+1","Adaptation+1"],"picked":"TalkToTheHand","floor":48.0},{"not_picked":["BowlingBash","SashWhip","FlurryOfBlows"],"picked":"Singing Bowl","floor":55}],"player_experience":1260651,"relics_obtained":[{"floor":6.0,"key":"Dream Catcher"},{"floor":11.0,"key":"Tiny Chest"},{"floor":13.0,"key":"Regal Pillow"},{"floor":23.0,"key":"Pen Nib"},{"floor":27.0,"key":"MawBank"},{"floor":29.0,"key":"Nunchaku"},{"floor":30.0,"key":"Singing Bowl"},{"floor":31.0,"key":"Art of War"},{"floor":41.0,"key":"Ancient Tea Set"},{"floor":41.0,"key":"Pear"},{"floor":48.0,"key":"Anchor"},{"floor":48.0,"key":"Lantern"},{"floor":55,"key":"Happy Flower"},{"floor":55,"key":"TeardropLocket"}],"event_choices":[{"cards_removed":["Defend_P"],"damage_healed":0.0,"max_hp_gain":0.0,"max_hp_loss":0.0,"gold_gain":0.0,"event_name":"Bonfire Elementals","player_choice":"Offered Basic","floor":8.0,"gold_loss":0.0,"damage_taken":0.0},{"damage_healed":0.0,"max_hp_gain":0.0,"max_hp_loss":21.0,"gold_gain":0.0,"event_name":"Vampires","player_choice":"Became a vampire","floor":20.0,"gold_loss":0.0,"damage_taken":0.0,"cards_obtained":["Bite","Bite","Bite","Bite","Bite"]},{"damage_healed":0.0,"max_hp_gain":0.0,"max_hp_loss":0.0,"gold_gain":0.0,"event_name":"Addict","player_choice":"Obtained Relic","floor":21.0,"gold_loss":85.0,"damage_taken":0.0,"relics_obtained":["Bag of Marbles"]},{"damage_healed":0.0,"max_hp_gain":0.0,"max_hp_loss":0.0,"gold_gain":0.0,"event_name":"Accursed Blacksmith","player_choice":"Forge","floor":22.0,"gold_loss":0.0,"damage_taken":0.0,"cards_upgraded":["Conclude"]},{"damage_healed":0.0,"max_hp_gain":0.0,"max_hp_loss":0.0,"gold_gain":0.0,"event_name":"SensoryStone","player_choice":"Memory 1","floor":38.0,"gold_loss":0.0,"damage_taken":0.0}],"is_beta":false,"boss_relics":[{"not_picked":["Fusion Hammer","Ectoplasm"],"picked":"Cursed Key"},{"not_picked":["Tiny House","Velvet Choker"],"picked":"Black Star"}],"items_purged_floors":[7,36,42],"is_endless":false,"potions_floor_spawned":[2,3,4,5,11,16,18,23,41,44,48],"ascension_level":20}