{"gold_per_floor":[113,131,142,157,157,182,182,216,241,241,257,288,288,154,154,248,248,261,286,286,311,330,330],"floor_reached":23,"playtime":1211,"items_purged":["Defend_P"],"score":426,"play_id":"9aa03b6f-d9c7-4ca6-a242-0c1e7478db6a","local_time":"20221001024558","is_ascension_mode":true,"campfire_choices":[{"data":"Eruption","floor":7.0,"key":"SMITH"},{"data":"EmptyFist","floor":13.0,"key":"SMITH"},{"floor":15.0,"key":"REST"}],"neow_cost":"NONE","seed_source_timestamp":522306815083411,"circlet_count":0,"master_deck":["AscendersBane","Strike_P","Strike_P","Strike_P","Strike_P","Defend_P+1","Defend_P+1","Eruption+1","Vigilance+1","EmptyFist+1","Vengeance","DevaForm","FearNoEvil","Study","Halt+1","FearNoEvil","InnerPeace","Conclude","Consecrate+1","LessonLearned","CutThroughFate","Pain","Indignation"],"special_seed":0,"relics":["PureWater","War Paint","Gremlin Horn","Centennial Puzzle","Vajra","Golden Idol","Regal Pillow","Cursed Key","WarpedTongs"],"potions_floor_usage":[21],"damage_taken":[{"damage":0.0,"enemies":"Small Slimes","floor":1.0,"turns":3.0},{"damage":0.0,"enemies":"2 Louse","floor":2.0,"turns":2.0},{"damage":0.0,"enemies":"Jaw Worm","floor":3.0,"turns":2.0},{"damage":13.0,"enemies":"Lots of Slimes","floor":4.0,"turns":5.0},{"damage":4.0,"enemies":"Gremlin Nob","floor":6.0,"turns":3.0},{"damage":33.0,"enemies":"3 Sentries","floor":8.0,"turns":9.0},{"damage":0.0,"enemies":"Exordium Wildlife","floor":11.0,"turns":1.0},{"damage":4.0,"enemies":"Lagavulin","floor":12.0,"turns":5.0},{"damage":22.0,"enemies":"Hexaghost","floor":16.0,"turns":7.0},{"damage":0.0,"enemies":"Spheric Guardian","floor":18.0,"turns":2.0},{"damage":11.0,"enemies":"2 Thieves","floor":19.0,"turns":3.0},{"damage":11,"enemies":"Cultist and Chosen","floor":21,"turns":3},{"damage":23,"enemies":"Chosen and Byrds","floor":22,"turns":5},{"damage":1,"enemies":"Gremlin Leader","floor":23,"turns":2}],"seed_played":"7377245742770245082","potions_obtained":[{"floor":1.0,"key":"GamblersBrew"},{"floor":4.0,"key":"Block Potion"},{"floor":8.0,"key":"SteroidPotion"},{"floor":16.0,"key":"Weak Potion"},{"floor":19.0,"key":"Swift Potion"}],"is_trial":false,"path_per_floor":["M","M","M","M","?","E","R","E","T","?","M","E","R","$","R","B",null,"M","M","?","M","M","E"],"character_chosen":"WATCHER","items_purchased":["Consecrate"],"campfire_rested":1,"item_purchase_floors":[14],"current_hp_per_floor":[61,61,61,48,48,44,44,11,11,11,11,7,7,7,40,18,51,51,40,40,29,6,5],"gold":330,"neow_bonus":"RANDOM_COMMON_RELIC","is_prod":false,"is_daily":false,"chose_seed":false,"campfire_upgraded":2,"win_rate":0,"timestamp":1664617558,"path_taken":["M","M","M","M","?","E","R","E","T","?","M","E","R","$","R","BOSS","M","M","?","M","M","E"],"build_version":"2022-03-07","purchased_purges":1,"victory":false,"max_hp_per_floor":[68,68,68,68,68,68,68,68,68,62,62,62,62,62,62,62,62,62,62,62,62,62,62],"relic_stats":{"Centennial Puzzle":[18],"Regal Pillow":15,"Gremlin Horn":[7,7],"counters":[14,52],"Golden Idol":45,"PureWater":[9],"War Paint":["Defend_P","Defend_P"],"Cursed Key":0,"obtain_stats":[{"Centennial Puzzle":8,"Regal Pillow":12,"Gremlin Horn":6,"Golden Idol":10,"Vajra":9,"PureWater":0,"War Paint":0,"Cursed Key":17,"WarpedTongs":20},{"Centennial Puzzle":6,"Regal Pillow":8,"Gremlin Horn":5,"Golden Idol":6,"Vajra":6,"PureWater":0,"War Paint":0,"Cursed Key":9,"WarpedTongs":11},{"Centennial Puzzle":24,"Regal Pillow":30,"Gremlin Horn":15,"Golden Idol":24,"Vajra":24,"PureWater":0,"War Paint":0,"Cursed Key":37,"WarpedTongs":42}],"WarpedTongs":[10]},"card_choices":[{"not_picked":["Vengeance","Protect"],"picked":"EmptyFist","floor":1.0},{"not_picked":["Evaluate","FollowUp"],"picked":"Vengeance","floor":2.0},{"not_picked":["CarveReality","EmptyBody"],"picked":"DevaForm","floor":3.0},{"not_picked":["InnerPeace","WreathOfFlame"],"picked":"FearNoEvil","floor":4.0},{"not_picked":["Sanctity","Prostrate"],"picked":"Halt","floor":6.0},{"not_picked":["Evaluate","Swivel"],"picked":"FearNoEvil","floor":8.0},{"not_picked":["FollowUp","SignatureMove"],"picked":"InnerPeace","floor":11.0},{"not_picked":["TalkToTheHand","CrushJoints"],"picked":"Conclude","floor":12.0},{"not_picked":["Ragnarok","Devotion"],"picked":"LessonLearned","floor":16.0},{"not_picked":["PathToVictory","Halt+1"],"picked":"CutThroughFate","floor":18.0},{"not_picked":["DeceiveReality+1","Protect","PathToVictory"],"picked":"SKIP","floor":19.0},{"not_picked":["ThirdEye","Evaluate"],"picked":"Indignation","floor":21},{"not_picked":["Conclude","DevaForm","Consecrate"],"picked":"SKIP","floor":22}],"player_experience":1251004,"relics_obtained":[{"floor":6.0,"key":"Gremlin Horn"},{"floor":8.0,"key":"Centennial Puzzle"},{"floor":9.0,"key":"Vajra"},{"floor":12.0,"key":"Regal Pillow"}],"event_choices":[{"damage_healed":0.0,"max_hp_gain":0.0,"max_hp_loss":0.0,"gold_gain":0.0,"cards_transformed":["Defend_P"],"event_name":"Living Wall","player_choice":"Change","floor":5.0,"gold_loss":0.0,"damage_taken":0.0,"cards_obtained":["Study"]},{"damage_healed":0.0,"max_hp_gain":0.0,"max_hp_loss":6.0,"gold_gain":0.0,"event_name":"Golden Idol","player_choice":"Lose Max HP","floor":10.0,"gold_loss":0.0,"damage_taken":0.0,"relics_obtained":["Golden Idol"]},{"damage_healed":0.0,"max_hp_gain":0.0,"max_hp_loss":0.0,"gold_gain":0.0,"event_name":"Accursed Blacksmith","player_choice":"Rummage","floor":20.0,"gold_loss":0.0,"damage_taken":0.0,"relics_obtained":["WarpedTongs"],"cards_obtained":["Pain"]}],"is_beta":false,"boss_relics":[{"not_picked":["Philosopher\u0027s Stone","HolyWater"],"picked":"Cursed Key"}],"items_purged_floors":[14],"is_endless":false,"potions_floor_spawned":[1,4,8,16,19],"killed_by":"Gremlin Leader","ascension_level":20}