{"gold_per_floor":[109,128,128,147,170,209,209,209,255,255,276,310,310,350,350,444,444,459,459,473,511,361,361,402,426,426,464,489,530,544,564,564,660,660,683,708,708,708,751,817,401,401,428,486,486,511,148,184,184,244,274,274,274,16,49,49],"floor_reached":57,"playtime":5234,"items_purged":["Pain","Strike_P"],"score":3244,"play_id":"5847938b-ac9c-4c86-97fe-aebd9d86fb1d","local_time":"20221010225724","is_ascension_mode":true,"campfire_choices":[{"data":"Eruption","floor":8.0,"key":"SMITH"},{"data":"SandsOfTime","floor":10.0,"key":"SMITH"},{"data":"Conclude","floor":15.0,"key":"SMITH"},{"floor":23.0,"key":"REST"},{"floor":32.0,"key":"REST"},{"data":"Meditate","floor":42,"key":"SMITH"},{"data":"MentalFortress","floor":45,"key":"SMITH"},{"floor":49,"key":"RECALL"},{"floor":53,"key":"REST"}],"neow_cost":"TEN_PERCENT_HP_LOSS","seed_source_timestamp":0,"circlet_count":0,"master_deck":["AscendersBane","Strike_P","Strike_P","Defend_P","Defend_P+1","Eruption+1","Vigilance","SandsOfTime+1","FlurryOfBlows","EmptyBody","Tantrum","Conclude+1","Wireheading","Indignation+1","EmptyFist+1","ClearTheMind","WheelKick+1","Meditate+1","MentalFortress+1","Halt","CutThroughFate","ThirdEye+1","DevaForm","Blasphemy","CutThroughFate+1","Wish","Master of Strategy","BattleHymn","Protect+1","Scrawl","Apotheosis","Wallop+1","Adaptation","Wallop+1","Establishment","WaveOfTheHand"],"special_seed":0,"relics":["PureWater","Golden Idol","Bottled Flame","War Paint","Art of War","Unceasing Top","Ornamental Fan","Black Star","WarpedTongs","Omamori","Incense Burner","Anchor","Prayer Wheel","Ancient Tea Set","Bag of Preparation","Snecko Eye","Mummified Hand","Pen Nib","Bag of Marbles","Dead Branch","Blood Vial","Akabeko","Bottled Tornado","Orrery","Lizard Tail","Pear","Lantern","Whetstone","CloakClasp"],"potions_floor_usage":[51,56,56],"damage_taken":[{"damage":0.0,"enemies":"2 Louse","floor":1.0,"turns":2.0},{"damage":0.0,"enemies":"Small Slimes","floor":2.0,"turns":2.0},{"damage":7.0,"enemies":"Jaw Worm","floor":4.0,"turns":3.0},{"damage":0.0,"enemies":"Gremlin Gang","floor":5.0,"turns":3.0},{"damage":0.0,"enemies":"Gremlin Nob","floor":6.0,"turns":2.0},{"damage":9.0,"enemies":"Red Slaver","floor":11.0,"turns":2.0},{"damage":5.0,"enemies":"Lagavulin","floor":12.0,"turns":5.0},{"damage":5.0,"enemies":"3 Sentries","floor":14.0,"turns":4.0},{"damage":0.0,"enemies":"Slime Boss","floor":16.0,"turns":3.0},{"damage":0.0,"enemies":"Chosen","floor":18.0,"turns":3.0},{"damage":4.0,"enemies":"2 Thieves","floor":20.0,"turns":1.0},{"damage":30.0,"enemies":"Shelled Parasite and Fungi","floor":21.0,"turns":3.0},{"damage":6.0,"enemies":"Gremlin Leader","floor":24.0,"turns":4.0},{"damage":0.0,"enemies":"Cultist and Chosen","floor":25.0,"turns":3.0},{"damage":3.0,"enemies":"Book of Stabbing","floor":27.0,"turns":4.0},{"damage":7.0,"enemies":"Snake Plant","floor":28.0,"turns":3.0},{"damage":2.0,"enemies":"Slavers","floor":29.0,"turns":4.0},{"damage":0.0,"enemies":"Centurion and Healer","floor":30.0,"turns":3.0},{"damage":0.0,"enemies":"Cultist and Chosen","floor":31.0,"turns":3.0},{"damage":31.0,"enemies":"Collector","floor":33.0,"turns":7.0},{"damage":0.0,"enemies":"3 Darklings","floor":35.0,"turns":1.0},{"damage":0.0,"enemies":"Orb Walker","floor":36.0,"turns":3.0},{"damage":0,"enemies":"Transient","floor":39,"turns":6},{"damage":0,"enemies":"Giant Head","floor":40,"turns":4},{"damage":0,"enemies":"Reptomancer","floor":44,"turns":2},{"damage":0,"enemies":"4 Shapes","floor":46,"turns":3},{"damage":0,"enemies":"Nemesis","floor":48,"turns":1},{"damage":30,"enemies":"Time Eater","floor":50,"turns":6},{"damage":18,"enemies":"Awakened One","floor":51,"turns":9},{"damage":0,"enemies":"Shield and Spear","floor":55,"turns":14},{"damage":8,"enemies":"The Heart","floor":56,"turns":7}],"seed_played":"5523654451686587087","potions_obtained":[{"floor":1.0,"key":"Fruit Juice"},{"floor":4.0,"key":"Ambrosia"},{"floor":6.0,"key":"LiquidMemories"},{"floor":11.0,"key":"SkillPotion"},{"floor":14.0,"key":"EntropicBrew"},{"floor":20.0,"key":"SkillPotion"},{"floor":21.0,"key":"ColorlessPotion"},{"floor":28.0,"key":"SkillPotion"},{"floor":29.0,"key":"EssenceOfSteel"},{"floor":33.0,"key":"DistilledChaos"},{"floor":39,"key":"BlessingOfTheForge"},{"floor":55,"key":"BottledMiracle"}],"is_trial":false,"path_per_floor":["M","M","?","M","M","E","?","R","T","R","M","E","?","E","R","B",null,"M","?","M","M","$","R","E","M","T","E","M","E","M","M","R","B",null,"M","M","?","T","M","E","$","R","T","E","R","M","$","E","R","B","B",null,"R","$","E","B",null],"character_chosen":"WATCHER","items_purchased":["MentalFortress","Dead Branch","Apotheosis","Orrery","Lantern","WaveOfTheHand","AttackPotion"],"campfire_rested":3,"item_purchase_floors":[22,41,47,47,54,54,54],"current_hp_per_floor":[61,61,56,49,49,54,47,47,47,47,38,33,28,23,23,23,52,52,52,48,18,18,36,30,30,30,27,20,18,18,18,36,5,47,47,47,47,47,47,47,47,47,47,49,49,51,51,63,63,35,19,58,71,71,71,63],"gold":49,"neow_bonus":"TRANSFORM_TWO_CARDS","is_prod":false,"is_daily":false,"chose_seed":false,"campfire_upgraded":5,"win_rate":0,"timestamp":1665467844,"path_taken":["M","M","?","M","M","E","?","R","T","R","M","E","?","E","R","BOSS","M","?","M","M","$","R","E","?","T","E","M","E","M","M","R","BOSS","BOSS","M","M","?","?","?","E","$","R","T","E","R","M","?","E","R","BOSS","BOSS","R","$","E","BOSS"],"build_version":"2022-10-04","purchased_purges":2,"victory":true,"max_hp_per_floor":[62,62,56,56,56,61,61,61,61,61,61,61,61,61,61,61,61,61,61,61,61,61,61,61,61,61,61,61,61,61,61,61,61,61,61,61,61,61,61,61,61,61,61,61,61,61,61,71,71,71,71,71,71,71,71,71],"relic_stats":{"counters":[31,120],"Golden Idol":249,"Dead Branch":[65],"Pen Nib":[12],"Omamori":0,"Bag of Preparation":[28],"CloakClasp":[40],"Whetstone":["EmptyFist","WheelKick"],"War Paint":["Indignation","Defend_P"],"Bottled Tornado":"DevaForm","Ancient Tea Set":[10],"WarpedTongs":[90],"Blood Vial":10,"Bottled Flame":"SandsOfTime","Lizard Tail":0,"Ornamental Fan":[248],"Mummified Hand":[80],"Snecko Eye":[108,130,92,107,-81],"Prayer Wheel":7,"Art of War":[13],"Black Star":7,"PureWater":[28],"obtain_stats":[{"Lantern":54,"Incense Burner":24,"Bag of Preparation":29,"CloakClasp":55,"Whetstone":55,"Bottled Tornado":44,"Ancient Tea Set":29,"Blood Vial":43,"Lizard Tail":48,"Mummified Hand":38,"Prayer Wheel":27,"Pear":48,"Golden Idol":3,"Dead Branch":41,"Pen Nib":40,"Omamori":24,"War Paint":9,"Akabeko":44,"WarpedTongs":19,"Bottled Flame":6,"Anchor":27,"Ornamental Fan":14,"Snecko Eye":34,"Orrery":47,"Art of War":12,"Black Star":17,"Bag of Marbles":40,"PureWater":0,"Unceasing Top":13},{"Lantern":29,"Incense Burner":13,"Bag of Preparation":17,"CloakClasp":30,"Whetstone":30,"Bottled Tornado":25,"Ancient Tea Set":17,"Blood Vial":24,"Lizard Tail":27,"Mummified Hand":22,"Prayer Wheel":15,"Pear":27,"Golden Idol":2,"Dead Branch":24,"Pen Nib":24,"Omamori":13,"War Paint":5,"Akabeko":25,"WarpedTongs":10,"Bottled Flame":5,"Anchor":15,"Ornamental Fan":8,"Snecko Eye":20,"Orrery":26,"Art of War":7,"Black Star":9,"Bag of Marbles":24,"PureWater":0,"Unceasing Top":7},{"Lantern":99,"Incense Burner":37,"Bag of Preparation":51,"CloakClasp":113,"Whetstone":113,"Bottled Tornado":80,"Ancient Tea Set":51,"Blood Vial":78,"Lizard Tail":84,"Mummified Hand":68,"Prayer Wheel":44,"Pear":84,"Golden Idol":4,"Dead Branch":78,"Pen Nib":78,"Omamori":37,"War Paint":12,"Akabeko":80,"WarpedTongs":29,"Bottled Flame":12,"Anchor":44,"Ornamental Fan":23,"Snecko Eye":64,"Orrery":83,"Art of War":19,"Black Star":26,"Bag of Marbles":78,"PureWater":0,"Unceasing Top":19}],"Unceasing Top":[1]},"card_choices":[{"not_picked":["Collect","CarveReality"],"picked":"EmptyBody","floor":1.0},{"not_picked":["Sanctity","PathToVictory"],"picked":"Tantrum","floor":2.0},{"not_picked":["Crescendo","Consecrate"],"picked":"Conclude","floor":4.0},{"not_picked":["WheelKick","Halt"],"picked":"Wireheading","floor":5.0},{"not_picked":["Swivel","Prostrate"],"picked":"Indignation","floor":6.0},{"not_picked":["ReachHeaven","EmptyBody"],"picked":"EmptyFist","floor":11.0},{"not_picked":["Devotion","FlyingSleeves"],"picked":"ClearTheMind","floor":12.0},{"not_picked":["BattleHymn","Wireheading","FlyingSleeves"],"picked":"SKIP","floor":14.0},{"not_picked":["JustLucky","FlurryOfBlows"],"picked":"WheelKick","floor":18.0},{"not_picked":["Prostrate","CrushJoints"],"picked":"Meditate","floor":20.0},{"not_picked":["JustLucky","Collect","FlyingSleeves"],"picked":"SKIP","floor":21.0},{"not_picked":["EmptyBody","Ragnarok"],"picked":"Halt","floor":24.0},{"not_picked":["ThirdEye","EmptyBody","FlurryOfBlows"],"picked":"SKIP","floor":25.0},{"not_picked":["ClearTheMind","FlurryOfBlows","FollowUp"],"picked":"SKIP","floor":27.0},{"not_picked":["CrushJoints","LikeWater"],"picked":"CutThroughFate","floor":28.0},{"not_picked":["SpiritShield","LikeWater"],"picked":"ThirdEye+1","floor":28.0},{"not_picked":["Protect","Conclude","CrushJoints"],"picked":"SKIP","floor":29.0},{"not_picked":["WheelKick","ThirdEye","Worship"],"picked":"SKIP","floor":30.0},{"not_picked":["LikeWater","Fasting2","FlurryOfBlows"],"picked":"SKIP","floor":30.0},{"not_picked":["Halt","Consecrate"],"picked":"DevaForm","floor":31.0},{"not_picked":["Fasting2","Crescendo","Swivel"],"picked":"SKIP","floor":31.0},{"not_picked":["Omniscience","MasterReality"],"picked":"Blasphemy","floor":33.0},{"not_picked":["FlyingSleeves","FlurryOfBlows+1","Collect"],"picked":"SKIP","floor":35.0},{"not_picked":["FlyingSleeves","EmptyBody+1","Protect"],"picked":"SKIP","floor":35.0},{"not_picked":["Fasting2","Protect+1"],"picked":"CutThroughFate+1","floor":36.0},{"not_picked":["Crescendo+1","ReachHeaven+1"],"picked":"Wish","floor":36.0},{"not_picked":["Deep Breath","Good Instincts"],"picked":"Master of Strategy","floor":37},{"not_picked":["FlurryOfBlows+1","CutThroughFate"],"picked":"BattleHymn","floor":39},{"not_picked":["FollowUp","LikeWater"],"picked":"Protect+1","floor":39},{"not_picked":["Consecrate","FlurryOfBlows"],"picked":"Scrawl","floor":40},{"not_picked":["JustLucky","Study","ThirdEye"],"picked":"SKIP","floor":44},{"not_picked":["JustLucky","EmptyMind","EmptyFist"],"picked":"SKIP","floor":46},{"not_picked":["Tantrum","PathToVictory","ThirdEye"],"picked":"SKIP","floor":46},{"not_picked":["JustLucky","FollowUp"],"picked":"Wallop+1","floor":47},{"not_picked":["ClearTheMind","CrushJoints"],"picked":"Adaptation","floor":47},{"not_picked":["EmptyFist","MentalFortress"],"picked":"Wallop+1","floor":47},{"not_picked":["CutThroughFate","FollowUp"],"picked":"Establishment","floor":48},{"not_picked":["Study","Meditate","ThirdEye+1"],"picked":"SKIP","floor":55}],"player_experience":1290125,"relics_obtained":[{"floor":6.0,"key":"Bottled Flame"},{"floor":9.0,"key":"War Paint"},{"floor":12.0,"key":"Art of War"},{"floor":14.0,"key":"Ornamental Fan"},{"floor":24.0,"key":"Omamori"},{"floor":24.0,"key":"Incense Burner"},{"floor":27.0,"key":"Anchor"},{"floor":27.0,"key":"Prayer Wheel"},{"floor":29.0,"key":"Ancient Tea Set"},{"floor":29.0,"key":"Bag of Preparation"},{"floor":38,"key":"Mummified Hand"},{"floor":40,"key":"Pen Nib"},{"floor":40,"key":"Bag of Marbles"},{"floor":43,"key":"Blood Vial"},{"floor":44,"key":"Akabeko"},{"floor":44,"key":"Bottled Tornado"},{"floor":48,"key":"Lizard Tail"},{"floor":48,"key":"Pear"},{"floor":55,"key":"Whetstone"},{"floor":55,"key":"CloakClasp"}],"event_choices":[{"damage_healed":0.0,"max_hp_gain":0.0,"max_hp_loss":6.0,"gold_gain":0.0,"event_name":"Golden Idol","player_choice":"Lose Max HP","floor":3.0,"gold_loss":0.0,"damage_taken":0.0,"relics_obtained":["Golden Idol"]},{"cards_removed":["Strike_P"],"damage_healed":0.0,"max_hp_gain":0.0,"max_hp_loss":0.0,"gold_gain":0.0,"event_name":"Golden Wing","player_choice":"Card Removal","floor":7.0,"gold_loss":0.0,"damage_taken":7.0},{"damage_healed":0.0,"max_hp_gain":0.0,"max_hp_loss":0.0,"gold_gain":0.0,"event_name":"Scrap Ooze","player_choice":"Success","floor":13.0,"gold_loss":0.0,"damage_taken":5.0,"relics_obtained":["Unceasing Top"]},{"damage_healed":0.0,"max_hp_gain":0.0,"max_hp_loss":0.0,"gold_gain":0.0,"event_name":"Accursed Blacksmith","player_choice":"Rummage","floor":19.0,"gold_loss":0.0,"damage_taken":0.0,"relics_obtained":["WarpedTongs"],"cards_obtained":["Pain"]},{"damage_healed":0,"gold_gain":0,"player_choice":"Memory 1","damage_taken":0,"max_hp_gain":0,"max_hp_loss":0,"event_name":"SensoryStone","floor":37,"gold_loss":0}],"is_beta":false,"boss_relics":[{"not_picked":["Sozu","Tiny House"],"picked":"Black Star"},{"not_picked":["Pandora\u0027s Box","VioletLotus"],"picked":"Snecko Eye"}],"items_purged_floors":[22,41],"is_endless":false,"potions_floor_spawned":[1,4,6,11,14,20,21,28,29,33,39,44,46,55],"ascension_level":20}