{"gold_per_floor":[113,131,22,22,22,47,47,72,124,139,64,64,93,111,111,187,187,201,212,54,54,68,68,95,95,95,126,126,126,126,141,141,220,220,239,254,67,67,67,93,56,56,56,90,90,103,129,129,129,129,129],"floor_reached":51,"playtime":2065,"items_purged":["Defend_P","Strike_P"],"score":1874,"play_id":"47f76910-6b48-4d84-86b2-952ed724a5a0","local_time":"20221017151612","is_ascension_mode":true,"campfire_choices":[{"data":"CrushJoints","floor":7.0,"key":"SMITH"},{"data":"Eruption","floor":15.0,"key":"SMITH"},{"data":"RitualDagger","floor":23.0,"key":"SMITH"},{"floor":30.0,"key":"REST"},{"data":"Ghostly","floor":32.0,"key":"SMITH"},{"data":"Ghostly","floor":42.0,"key":"SMITH"},{"data":"Ghostly","floor":45.0,"key":"SMITH"},{"floor":49.0,"key":"RECALL"}],"neow_cost":"NONE","seed_source_timestamp":0,"circlet_count":0,"master_deck":["AscendersBane","Strike_P","Defend_P+1","Defend_P","Eruption+1","Vigilance+1","CrushJoints+1","Crescendo","Tantrum","Consecrate","MentalFortress","TalkToTheHand","CutThroughFate","RitualDagger+1","Adaptation+1","Ghostly+1","Ghostly+1","Ghostly+1","EmptyFist","Wallop","ClearTheMind","Indignation","ClearTheMind","Meditate"],"special_seed":0,"relics":["Busted Crown","Vajra","Regal Pillow","Calipers","VioletLotus","Darkstone Periapt","Matryoshka","Bag of Marbles","Du-Vu Doll","Coffee Dripper","Lantern","Letter Opener","Juzu Bracelet","Omamori","Frozen Egg 2"],"potions_floor_usage":[],"damage_taken":[{"damage":0.0,"enemies":"Jaw Worm","floor":1.0,"turns":3.0},{"damage":2.0,"enemies":"Small Slimes","floor":2.0,"turns":5.0},{"damage":0.0,"enemies":"Lagavulin","floor":6.0,"turns":4.0},{"damage":0.0,"enemies":"3 Sentries","floor":8.0,"turns":3.0},{"damage":0.0,"enemies":"2 Louse","floor":10.0,"turns":2.0},{"damage":0.0,"enemies":"Gremlin Nob","floor":13.0,"turns":2.0},{"damage":1.0,"enemies":"Exordium Thugs","floor":14.0,"turns":3.0},{"damage":0.0,"enemies":"Slime Boss","floor":16.0,"turns":5.0},{"damage":19.0,"enemies":"2 Thieves","floor":18.0,"turns":4.0},{"damage":0.0,"enemies":"Spheric Guardian","floor":19.0,"turns":3.0},{"damage":2.0,"enemies":"Chosen and Byrds","floor":22.0,"turns":3.0},{"damage":11.0,"enemies":"Gremlin Leader","floor":24.0,"turns":4.0},{"damage":16.0,"enemies":"Slavers","floor":27.0,"turns":3.0},{"damage":0.0,"enemies":"Centurion and Healer","floor":31.0,"turns":4.0},{"damage":17.0,"enemies":"Champ","floor":33.0,"turns":7.0},{"damage":12.0,"enemies":"Orb Walker","floor":35.0,"turns":3.0},{"damage":2.0,"enemies":"3 Shapes","floor":36.0,"turns":4.0},{"damage":0.0,"enemies":"Reptomancer","floor":40.0,"turns":2.0},{"damage":1.0,"enemies":"Nemesis","floor":44.0,"turns":5.0},{"damage":0.0,"enemies":"Jaw Worm Horde","floor":46.0,"turns":3.0},{"damage":0.0,"enemies":"Giant Head","floor":47.0,"turns":6.0},{"damage":10.0,"enemies":"Awakened One","floor":50.0,"turns":9.0},{"damage":5,"enemies":"Time Eater","floor":51,"turns":2}],"seed_played":"-3263793763162852361","potions_obtained":[{"floor":1.0,"key":"BottledMiracle"},{"floor":6.0,"key":"Fire Potion"},{"floor":8.0,"key":"AttackPotion"},{"floor":18.0,"key":"Weak Potion"},{"floor":22.0,"key":"SteroidPotion"},{"floor":27.0,"key":"Energy Potion"},{"floor":40.0,"key":"Weak Potion"},{"floor":46.0,"key":"Ancient Potion"}],"is_trial":false,"path_per_floor":["M","M","$","?","?","E","R","E","T","M","$","?","E","M","R","B",null,"M","M","$","?","M","R","E","T","T","E","?","?","R","M","R","B",null,"M","M","$","?","$","E","$","R","T","E","R","M","E","?","R","B","B"],"character_chosen":"WATCHER","items_purchased":["Crescendo","Tantrum","CutThroughFate","EmptyFist","Wallop","ClearTheMind","Indignation"],"campfire_rested":1,"item_purchase_floors":[3,3,20,37,37,37,41],"current_hp_per_floor":[61,59,59,39,39,39,39,39,39,39,39,32,32,31,31,31,59,40,40,40,34,32,32,21,21,21,5,5,5,30,30,30,13,29,17,15,15,15,15,15,15,15,15,14,14,14,14,14,14,4,0],"gold":129,"neow_bonus":"BOSS_RELIC","is_prod":false,"is_daily":false,"chose_seed":false,"campfire_upgraded":6,"win_rate":0,"timestamp":1666044972,"path_taken":["M","M","$","?","?","E","R","E","T","M","$","?","E","M","R","BOSS","M","M","$","?","M","R","E","?","T","E","?","?","R","M","R","BOSS","M","M","$","?","?","E","$","R","T","E","R","M","E","?","R","BOSS","BOSS"],"build_version":"2022-10-04","purchased_purges":2,"victory":false,"max_hp_per_floor":[68,68,68,68,68,68,68,68,68,68,68,68,68,68,68,68,68,68,68,68,68,68,68,68,68,68,68,34,34,34,34,34,34,34,34,34,34,34,34,34,34,34,34,34,34,34,34,34,34,34,34],"relic_stats":{"Darkstone Periapt":0,"Regal Pillow":15,"Busted Crown":42,"Calipers":[421],"Matryoshka":2,"counters":[23,89],"VioletLotus":[19],"Juzu Bracelet":1,"Omamori":0,"Letter Opener":[20],"obtain_stats":[{"Darkstone Periapt":24,"Regal Pillow":8,"Lantern":40,"Calipers":13,"Vajra":6,"Juzu Bracelet":43,"Omamori":44,"Letter Opener":43,"Frozen Egg 2":47,"Du-Vu Doll":27,"Busted Crown":0,"Matryoshka":25,"VioletLotus":17,"Bag of Marbles":26,"Coffee Dripper":34,"PureWater":0},{"Darkstone Periapt":12,"Regal Pillow":4,"Lantern":18,"Calipers":6,"Vajra":3,"Juzu Bracelet":18,"Omamori":19,"Letter Opener":18,"Frozen Egg 2":21,"Du-Vu Doll":13,"Busted Crown":0,"Matryoshka":12,"VioletLotus":8,"Bag of Marbles":12,"Coffee Dripper":15,"PureWater":0},{"Darkstone Periapt":41,"Regal Pillow":15,"Lantern":64,"Calipers":19,"Vajra":12,"Juzu Bracelet":64,"Omamori":69,"Letter Opener":64,"Frozen Egg 2":78,"Du-Vu Doll":44,"Busted Crown":0,"Matryoshka":41,"VioletLotus":27,"Bag of Marbles":41,"Coffee Dripper":55,"PureWater":0}]},"card_choices":[{"not_picked":["WreathOfFlame"],"picked":"SKIP","floor":1.0},{"not_picked":[],"picked":"CrushJoints","floor":2.0},{"not_picked":[],"picked":"Consecrate","floor":6.0},{"not_picked":["WreathOfFlame"],"picked":"SKIP","floor":8.0},{"not_picked":["JustLucky"],"picked":"SKIP","floor":10.0},{"not_picked":[],"picked":"MentalFortress","floor":13.0},{"not_picked":["Prostrate"],"picked":"SKIP","floor":14.0},{"not_picked":["Evaluate"],"picked":"SKIP","floor":18.0},{"not_picked":[],"picked":"TalkToTheHand","floor":19.0},{"not_picked":[],"picked":"Adaptation+1","floor":22.0},{"not_picked":["JustLucky"],"picked":"SKIP","floor":24.0},{"not_picked":["Pray"],"picked":"SKIP","floor":27.0},{"not_picked":["SashWhip"],"picked":"SKIP","floor":31.0},{"not_picked":["FlyingSleeves+1"],"picked":"SKIP","floor":35.0},{"not_picked":["Perseverance"],"picked":"SKIP","floor":36.0},{"not_picked":["PathToVictory"],"picked":"SKIP","floor":40.0},{"not_picked":[],"picked":"ClearTheMind","floor":44.0},{"not_picked":["SashWhip"],"picked":"SKIP","floor":46.0},{"not_picked":[],"picked":"Meditate","floor":47.0}],"player_experience":1310004,"relics_obtained":[{"floor":6.0,"key":"Vajra"},{"floor":8.0,"key":"Regal Pillow"},{"floor":13.0,"key":"Calipers"},{"floor":24.0,"key":"Darkstone Periapt"},{"floor":25.0,"key":"Matryoshka"},{"floor":26.0,"key":"Bag of Marbles"},{"floor":27.0,"key":"Du-Vu Doll"},{"floor":40.0,"key":"Lantern"},{"floor":43.0,"key":"Letter Opener"},{"floor":43.0,"key":"Juzu Bracelet"},{"floor":44.0,"key":"Omamori"},{"floor":47.0,"key":"Frozen Egg 2"}],"event_choices":[{"damage_healed":0.0,"max_hp_gain":0.0,"max_hp_loss":0.0,"gold_gain":0.0,"event_name":"Shining Light","player_choice":"Entered Light","floor":4.0,"gold_loss":0.0,"damage_taken":20.0,"cards_upgraded":["Defend_P","Vigilance"]},{"cards_removed":["Defend_P"],"damage_healed":0.0,"max_hp_gain":0.0,"max_hp_loss":0.0,"gold_gain":0.0,"event_name":"Living Wall","player_choice":"Forget","floor":5.0,"gold_loss":0.0,"damage_taken":0.0},{"cards_removed":["Strike_P"],"damage_healed":0.0,"max_hp_gain":0.0,"max_hp_loss":0.0,"gold_gain":0.0,"event_name":"Golden Wing","player_choice":"Card Removal","floor":12.0,"gold_loss":0.0,"damage_taken":7.0},{"damage_healed":0.0,"max_hp_gain":0.0,"max_hp_loss":0.0,"gold_gain":0.0,"event_name":"Nest","player_choice":"Joined the Cult","floor":21.0,"gold_loss":0.0,"damage_taken":6.0,"cards_obtained":["RitualDagger"]},{"damage_healed":0.0,"max_hp_gain":0.0,"max_hp_loss":34.0,"gold_gain":0.0,"event_name":"Ghosts","player_choice":"Became a Ghost","floor":28.0,"gold_loss":0.0,"damage_taken":0.0,"cards_obtained":["Ghostly","Ghostly","Ghostly"]},{"damage_healed":0.0,"max_hp_gain":0.0,"max_hp_loss":0.0,"gold_gain":0.0,"event_name":"Cursed Tome","player_choice":"Ignored","floor":29.0,"gold_loss":0.0,"damage_taken":0.0},{"cards_removed":["Strike_P"],"damage_healed":0.0,"max_hp_gain":0.0,"max_hp_loss":0.0,"gold_gain":0.0,"event_name":"Bonfire Elementals","player_choice":"Offered Basic","floor":38.0,"gold_loss":0.0,"damage_taken":0.0},{"damage_healed":0.0,"max_hp_gain":0.0,"max_hp_loss":0.0,"gold_gain":0.0,"event_name":"SecretPortal","player_choice":"Ignored","floor":48.0,"gold_loss":0.0,"damage_taken":0.0}],"is_beta":false,"boss_relics":[{"not_picked":["Calling Bell","Empty Cage"],"picked":"VioletLotus"},{"not_picked":["Philosopher\u0027s Stone","Cursed Key"],"picked":"Coffee Dripper"}],"items_purged_floors":[11,20],"is_endless":false,"potions_floor_spawned":[1,6,8,18,22,27,40,46],"killed_by":"Time Eater","ascension_level":20}